1740 2837
696 110 943 182 ...Nm
1068 162 1128 169 ..-

263 248 530 295 fundatoris
573 248 737 308 templi
781 249 856 294 vel
888 249 1136 294 donatoris
1168 249 1458 308 picturarum
1495 250 1559 294 vi·

263 338 469 375 trearum
518 345 623 374 esse
676 330 999 378 crederemus.
1075 329 1185 376 Hoc
1210 345 1311 385 nos
1354 330 1559 383 duceret

263 419 343 459 aut
376 412 433 457 ad
468 412 729 457 Aribonem
759 413 1009 468 comitem,
1039 412 1241 473 primum
1268 412 1432 472 templi
1457 413 1560 457 fun-

263 494 498 550 datorem,
538 500 620 538 aut
660 494 717 538 ad
753 494 1021 538 Hammeum
1061 495 1217 553 pium,
1265 495 1556 540 Advocatum

262 575 321 620 de
356 575 556 630 Weida,
601 574 736 633 cujus
778 575 1069 619 liberalitate
1113 577 1339 634 templum
1375 575 1559 627 reaedi-

260 655 448 702 ficatum
485 662 582 712 est,
615 656 701 700 sed
737 656 793 699 ab
826 655 902 700 his
935 655 1129 715 pallium
1162 663 1209 701 et
1235 661 1557 717 tegumentum

260 737 430 798 capitis
464 738 624 797 regale
661 737 815 782 aliena
852 743 1035 787 essentt

460 888 515 947 4)
557 887 940 933 Aestimatio
985 888 1360 933 aesthetica.

384 978 522 1040 Quod
551 979 723 1024 attinet
748 980 806 1024 ad
835 979 1223 1039 compositionem
1248 979 1555 1039 picturarum,
1596 1037 1603 1045 r

259 1062 307 1106 in
353 1061 715 1119 contemplanda
761 1061 965 1120 imagine
1009 1062 1216 1105 Culus-rr
1259 1060 1420 1119 negari
1463 1074 1557 1115 non

259 1149 441 1203 potest,
499 1142 546 1186 in
598 1149 728 1187 recto
787 1142 949 1187 habitu
1006 1142 1267 1187 Salvatoris
1318 1141 1556 1202 propriam

259 1224 490 1286 quandam
529 1223 817 1283 majestatem
845 1224 1224 1283 repraesentari,
1258 1239 1456 1282 quocum
1480 1239 1557 1284 ge-

259 1314 360 1351 stus
396 1320 559 1349 manus
596 1305 927 1350 benedicentis
960 1312 1069 1365 apte
1098 1305 1334 1350 convenit.
1395 1303 1557 1354 Etiam

256 1395 419 1450 gestus
449 1387 637 1431 dexteri
664 1387 873 1442 brachii,
908 1385 1043 1445 cujus
1074 1402 1238 1438 manus
1262 1386 1453 1431 fasciam
1483 1386 1558 1431 lit·

255 1468 375 1513 teris
408 1467 682 1528 inscriptam
717 1474 876 1524 tenet,
912 1474 985 1512 est
1020 1468 1290 1520 moderatus
1315 1472 1363 1512 et
1383 1466 1556 1527 gravis.

379 1549 585 1593 Tractus
621 1550 1009 1594 vestimentorum
1046 1564 1301 1608 eorumque
1325 1548 1555 1609 plicarum

256 1630 303 1675 in
349 1630 691 1689 longitudinem
740 1637 895 1690 patet,
939 1630 1062 1689 quod
1098 1630 1379 1689 praesertim
1415 1614 1463 1675 in
1498 1643 1556 1680 eo

256 1712 394 1756 modo
430 1712 760 1770 cognoscitur,
792 1727 883 1771 quo
918 1711 1113 1771 pallium
1150 1712 1206 1754 ab
1241 1710 1440 1756 humero
1472 1725 1559 1769 per

255 1801 424 1853 pectus
461 1793 651 1850 defluit,
687 1810 833 1854 super
866 1793 1108 1838 brachium
1141 1792 1198 1837 ad
1234 1793 1356 1837 latus
1386 1791 1558 1839 transit

256 1884 303 1919 ct
348 1875 554 1934 denique
601 1876 658 1933 ad
704 1875 934 1934 gremium
981 1874 1194 1918 sedentis
1237 1889 1288 1919 se
1324 1864 1556 1918 incurvat.

256 1957 473 2001 Tunicae
521 1962 677 2001 autem
721 1956 912 2002 infimae
957 1957 1110 2015 plicae
1155 1970 1242 2000 nec
1277 1955 1432 2010 minus
1464 1971 1555 2001 ma·

257 2038 388 2082 nicae
425 2039 654 2084 dexterae
679 2038 982 2099 amplitudini
1011 2036 1250 2087 creandae
1271 2036 1554 2096 inserviunt.

255 2120 392 2178 Quod
452 2120 498 2165 in
556 2120 752 2165 sinistro
805 2136 928 2180 genu
977 2135 1120 2179 supra
1172 2120 1316 2164 latum
1361 2119 1554 2165 limbum

254 2202 510 2261 praecipue
558 2202 863 2257 observatur,
910 2203 1085 2247 artifex
1131 2201 1346 2263 corporis
1380 2202 1555 2250 formas

219 2304 222 2305 ⁷
252 2299 341 2343 per
412 2283 693 2328 vestimenta
760 2283 1042 2342 conspicuas
1107 2283 1312 2327 reddere
1377 2270 1555 2342 studet,

253 2380 529 2425 quamquam
566 2365 828 2410 delineatio
863 2364 1095 2424 plicarum
1129 2364 1178 2410 in
1206 2364 1406 2410 dextero
1428 2378 1554 2422 genu

254 2452 302 2490 et
336 2446 382 2490 in
418 2445 615 2492 sinistro
651 2447 849 2493 humero
883 2446 1028 2495 lineis
1061 2440 1289 2508 ellipticis
1323 2452 1372 2489 et
1404 2443 1554 2506 circuf

245 2527 434 2599 xlaribus
480 2534 553 2573 est
595 2528 746 2586 facta,
786 2545 905 2592 quae
949 2528 1141 2589 generis
1182 2525 1465 2590 antiquioris
1507 2534 1556 2573 et
