1740 2837
692 109 694 115 =
708 169 764 174 ——
890 144 959 187 361
1080 171 1132 176 —-

349 250 435 293 'nive
461 254 501 291 in
529 254 655 301 facie,
684 254 782 291 'sive
810 255 1088 302 vestimentis,
1117 256 1157 293 in
1188 256 1394 303 manibusj
1431 256 1470 293 in
1500 270 1569 307 pe-

307 337 311 340 *
347 325 488 371 dibus,
530 325 570 363 in
608 324 755 374 limbo,
808 325 868 363 vel
907 326 945 364 in
986 339 1240 379 quocumque
1280 326 1372 365 loeo
1408 326 1570 366 colores

345 409 499 446 ponere
528 396 717 433 volueris.

424 468 516 520 Gap.
554 468 605 507 de
645 467 860 507 dividendo
894 470 1009 507 vitro.
1083 469 1253 515 Postea.
1274 467 1493 508 calefacies
1530 469 1570 508 in

344 540 436 577 foco
464 540 614 576 ferrum
645 540 907 585 divisorium,
936 540 1043 590 quod
1062 541 1127 577 -sit
1148 553 1222 590 per
1240 541 1374 578 omnia
1398 541 1568 591 gracile,

345 610 419 648 sed
458 611 497 648 in
525 611 605 648 fine
633 611 844 662 grossius,
884 610 991 662 quod
1021 624 1110 648 cum
1140 610 1421 650 candueritin
1449 626 1569 664 gros-

345 682 444 720 siori
471 688 587 733 parte
616 695 775 733 appone
803 682 929 729 vitro,
958 681 1065 733 quod
1094 681 1277 719 dividere
1307 682 1497 732 volueris,
1527 689 1568 722 et

347 767 438 792 mox
475 753 688 805 apparebit
722 752 879 791 initium
914 753 1131 791 fracturae.
1202 752 1246 791 Si
1283 767 1379 792 vero
1419 754 1565 795 vitrum

326 825 494 863 'durum
523 825 663 871 fuerit,
697 824 881 862 madefac
909 824 1008 861 illud
1038 823 1166 875 digito
1197 830 1266 862 tuo
1295 839 1343 864 ex
1372 825 1497 864 saliva
1526 827 1566 865 in

346 896 460 945 loco,
490 897 555 935 ubi
583 896 735 935 ferrum
767 909 985 947 posueram,
1013 908 1091 947 quo
1111 895 1246 933 statim
1270 896 1393 945 fisso,
1421 910 1566 936 secun-

350 969 443 1007 dum
472 968 578 1020 quod
605 968 788 1006 dividere
818 967 1019 1015 volueris,
1049 967 1165 1005 trahe
1186 968 1339 1007 ferrum
1358 975 1398 1007 et
1417 970 1565 1008 fissura

344 1045 539 1093 sequetur
567 1045 644 1078 etc.

423 1111 524 1162 Cap.
554 1111 604 1149 de
631 1111 779 1157 colore,
810 1124 897 1148 cum
924 1123 999 1161 quo
1030 1112 1173 1148 vitrum
1197 1112 1393 1162 pingitur.
1419 1135 1479 1146 —1
1499 1141 1508 1149 .
1527 1141 1535 1149 .
1553 1141 1562 1150 .

346 1182 464 1228 Quod
494 1183 529 1220 si
558 1182 715 1220 litteras
745 1183 783 1220 in
802 1182 907 1219 vitro
925 1182 1063 1220 facere
1086 1182 1281 1229 volueris,
1312 1189 1450 1233 partes
1473 1183 1562 1221 illus

345 1254 561 1306 cooperies
591 1254 752 1292 omnino
782 1255 872 1305 ipso
901 1253 1039 1291 colore
1068 1254 1436 1303 (Schwarzloth)‚'
1460 1256 1563 1293 scri-

346 1327 446 1364 bens
476 1340 545 1363 eas
575 1325 704 1363 cauda
732 1325 907 1376 pincelli.

421 1397 522 1448 Cap.
562 1397 612 1435 de
647 1399 792 1435 ornata
821 1398 1010 1447 picturae
1048 1398 1088 1433 e'n
1127 1397 1239 1434 vitro.
1306 1397 1481 1437 Umbras
1520 1403 1561 1435 et

342 1468 491 1506 lumina
529 1468 883 1515 vestimentorum,
921 1466 956 1504 si
994 1466 1205 1505 studiosus
1240 1467 1366 1505 fueris
1405 1467 1446 1506 in
1480 1467 1558 1510 hoe

276 1551 281 1554 ·
338 1552 488 1590 opere,
517 1539 673 1590 poteris
702 1538 846 1576 eodem
878 1537 997 1575 modo
1018 1537 1178 1585 facere,
1208 1538 1314 1575 sicut
1337 1538 1377 1575 in
1395 1539 1558 1589 :pictura

338 1609 548 1659 colorum,
585 1610 654 1648 tali
692 1608 825 1647 modo.
880 1608 982 1647 Cum
1008 1608 1157 1647 feceris
1186 1614 1341 1647 tractus
1368 1609 1410 1647 in
1431 1610 1558 1648 vesti-

338 1683 487 1721 mentis
522 1696 570 1720 ex
608 1681 746 1719 colore
776 1681 987 1732 praedicto
1019 1681 1368 1730 (Sclawarzloth)‚
1406 1695 1557 1733 sparge

339 1766 432 1791 eum
460 1766 550 1791 cum
581 1751 754 1803 pincello
783 1751 837 1789 ita
866 1759 909 1789 ut
937 1750 1080 1789 vitrum
1111 1751 1179 1788 fiat
1207 1752 1421 1803 perspicax
1447 1752 1488 1791 in
1508 1766 1555 1791 ea

337 1830 477 1874 parte,
516 1837 594 1875 qua
630 1823 821 1861 luminam
858 1823 995 1860 facere
1033 1823 1281 1860 consuevisti
1318 1825 1358 1861 in
1396 1824 1554 1875 pictura

340 1901 382 1934 et
419 1895 527 1933 idem
568 1900 725 1933 tractus
763 1894 802 1932 in
839 1908 917 1932 una
954 1899 1069 1945 parte
1097 1893 1150 1931 sit
1178 1894 1331 1933 densus
1358 1894 1399 1932 in
1426 1894 1552 1934 altera

334 1967 458 2015 levis,
497 1973 618 2019 atque
656 1966 784 2004 levior
820 1979 910 2003 cum
948 1971 1060 2003 tanta
1094 1964 1306 2017 diligentia
1334 1966 1552 2015 discretus,

332 2038 448 2090 quasi
487 2037 701 2076 videantur
737 2043 824 2075 tres
852 2036 1013 2075 colores
1042 2036 1231 2087 appositi.
1285 2037 1415 2081 Quem
1442 2038 1552 2076 ordi-

328 2123 420 2148 nem
450 2111 569 2148 etiam
599 2110 819 2147 observare
848 2109 975 2147 debes
1005 2108 1109 2147 infra
1136 2109 1356 2160 supercilia
1377 2116 1419 2148 et
1440 2111 1550 2149 circa

327 2180 470 2219 oculos
505 2187 626 2237 atque
663 2194 782 2218 nares
811 2186 852 2218 et
883 2185 1084 2229 mentum,
1124 2194 1170 2219 ac
1200 2181 1310 2218 circa
1336 2180 1464 2219 facies
1485 2180 1550 2234 ju-

326 2266 492 2301 venum,
543 2252 654 2291 circa
703 2251 832 2302 pedes
877 2251 1007 2289 nudos
1052 2257 1094 2289 et
1135 2266 1275 2290 manus
1312 2257 1353 2291 et
1392 2252 1549 2305 reliqua

326 2326 506 2365 membra
533 2324 630 2364 nudi
659 2323 868 2376 corporis,
897 2323 1030 2375 sitque
1050 2323 1214 2375 species
1234 2323 1419 2375 picturae
1438 2339 1548 2365 com-

321 2396 455 2446 posita
483 2397 666 2434 colorum
695 2390 905 2433 verietate.

401 2467 502 2521 Cap.
530 2467 580 2507 de
593 2466 725 2520 furno
752 2468 793 2506 in
819 2479 895 2521 quo
922 2467 1068 2505 vitrum
1089 2466 1282 2518 coquitur.
1337 2464 1400 2504 Sit
1422 2466 1544 2506 etiam

317 2540 479 2591 quidam
517 2545 684 2578 ornatus
721 2540 763 2578 in
797 2539 923 2586 vitro,
962 2537 1154 2577 videlicet
1188 2537 1231 2576 in
1258 2537 1464 2588 vestibus,
1502 2540 1543 2578 in

1736 2613 1740 2721 ⁴
