<?xml version="1.0" encoding="UTF-8"?>
<!DOCTYPE html PUBLIC "-//W3C//DTD XHTML 1.0 Transitional//EN"
    "http://www.w3.org/TR/xhtml1/DTD/xhtml1-transitional.dtd">
<html xmlns="http://www.w3.org/1999/xhtml" xml:lang="en" lang="en">
 <head>
  <title>
</title>
<meta http-equiv="Content-Type" content="text/html;charset=utf-8" />
  <meta name='ocr-system' content='tesseract 3.04.00' />
  <meta name='ocr-capabilities' content='ocr_page ocr_carea ocr_par ocr_line ocrx_word'/>
</head>
<body>
  <div class='ocr_page' id='page_1' title='image "./4627209_0026.png"; bbox 0 0 1740 2837; ppageno 0'>
   <div class='ocr_carea' id='block_1_1' title="bbox 687 178 1118 227">
    <p class='ocr_par' dir='ltr' id='par_1_1' title="bbox 687 178 1118 227">
     <span class='ocr_line' id='line_1_1' title="bbox 687 178 1118 227; baseline 0.005 -13"><span class='ocrx_word' id='word_1_1' title='bbox 687 178 933 227; x_wconf 70' lang='lat'>..220</span> <span class='ocrx_word' id='word_1_2' title='bbox 1061 210 1118 216; x_wconf 80' lang='grc'><strong>-,</strong></span> 
     </span>
    </p>
   </div>
   <div class='ocr_carea' id='block_1_2' title="bbox 242 286 1550 502">
    <p class='ocr_par' dir='ltr' id='par_1_2' title="bbox 255 286 1550 502">
     <span class='ocr_line' id='line_1_2' title="bbox 319 286 1550 355; baseline 0.002 -16"><span class='ocrx_word' id='word_1_3' title='bbox 319 306 322 309; x_wconf 76' lang='grc'><strong><em>’</em></strong></span> <span class='ocrx_word' id='word_1_4' title='bbox 379 291 546 339; x_wconf 83' lang='lat' dir='ltr'><strong>Haud</strong></span> <span class='ocrx_word' id='word_1_5' title='bbox 558 291 702 338; x_wconf 88' lang='lat' dir='ltr'><strong>dubie</strong></span> <span class='ocrx_word' id='word_1_6' title='bbox 738 302 944 355; x_wconf 86' lang='lat' dir='ltr'><strong>nostram</strong></span> <span class='ocrx_word' id='word_1_7' title='bbox 970 286 1229 355; x_wconf 76' lang='lat' dir='ltr'><strong>imaginem</strong></span> <span class='ocrx_word' id='word_1_8' title='bbox 1253 298 1550 349; x_wconf 66' lang='grc' dir='ltr'><strong>δ’άῑὺαίονίε,</strong></span> 
     </span>
     <span class='ocr_line' id='line_1_3' title="bbox 242 362 1549 437; baseline 0.002 -16.025"><span class='ocrx_word' id='word_1_9' title='bbox 242 377 306 421; x_wconf 87' lang='lat' dir='ltr'><strong>·id</strong></span> <span class='ocrx_word' id='word_1_10' title='bbox 356 362 436 435; x_wconf 16' lang='lat' dir='ltr'><strong>*es-t</strong></span> <span class='ocrx_word' id='word_1_11' title='bbox 479 375 694 435; x_wconf 81' lang='lat' dir='ltr'><strong>Christi,</strong></span> <span class='ocrx_word' id='word_1_12' title='bbox 741 377 1087 436; x_wconf 79' lang='lat' dir='ltr'><strong>redemptoris</strong></span> <span class='ocrx_word' id='word_1_13' title='bbox 1109 376 1386 437; x_wconf 81' lang='lat' dir='ltr'><strong>glorificati,</strong></span> <span class='ocrx_word' id='word_1_14' title='bbox 1445 394 1549 423; x_wconf 89' lang='lat' dir='ltr'><strong>esse</strong></span> 
     </span>
     <span class='ocr_line' id='line_1_4' title="bbox 255 450 643 502; baseline 0 0"><span class='ocrx_word' id='word_1_15' title='bbox 255 450 487 502; x_wconf 69' lang='lat' dir='ltr'><strong>videmus.</strong></span> <span class='ocrx_word' id='word_1_16' title='bbox 641 452 643 460; x_wconf 58' lang='lat'><em>¹</em></span> 
     </span>
    </p>
   </div>
   <div class='ocr_carea' id='block_1_3' title="bbox 243 520 1590 1167">
    <p class='ocr_par' dir='ltr' id='par_1_3' title="bbox 243 520 1590 1167">
     <span class='ocr_line' id='line_1_5' title="bbox 379 520 1550 609; baseline 0.001 -16"><span class='ocrx_word' id='word_1_17' title='bbox 379 520 631 593; x_wconf 67' lang='lat' dir='ltr'><strong>Sinistrum</strong></span> <span class='ocrx_word' id='word_1_18' title='bbox 677 564 859 593; x_wconf 86' lang='lat' dir='ltr'><strong>manum</strong></span> <span class='ocrx_word' id='word_1_19' title='bbox 902 550 1095 603; x_wconf 81' lang='lat' dir='ltr'><strong>sustulit</strong></span> <span class='ocrx_word' id='word_1_20' title='bbox 1131 551 1306 601; x_wconf 84' lang='lat' dir='ltr'><strong>fideles</strong></span> <span class='ocrx_word' id='word_1_21' title='bbox 1350 552 1550 609; x_wconf 88' lang='lat' dir='ltr'><strong>populos</strong></span> 
     </span>
     <span class='ocr_line' id='line_1_6' title="bbox 258 630 1550 685; baseline 0.001 -11"><span class='ocrx_word' id='word_1_22' title='bbox 258 630 579 685; x_wconf 81' lang='lat' dir='ltr'><strong>benedicens,</strong></span> <span class='ocrx_word' id='word_1_23' title='bbox 625 630 823 675; x_wconf 84' lang='lat' dir='ltr'><strong>dextera</strong></span> <span class='ocrx_word' id='word_1_24' title='bbox 870 645 961 675; x_wconf 91' lang='lat' dir='ltr'><strong>non</strong></span> <span class='ocrx_word' id='word_1_25' title='bbox 1007 638 1137 676; x_wconf 86' lang='lat' dir='ltr'><strong>tenet</strong></span> <span class='ocrx_word' id='word_1_26' title='bbox 1180 631 1312 676; x_wconf 88' lang='lat' dir='ltr'><strong>alibi</strong></span> <span class='ocrx_word' id='word_1_27' title='bbox 1327 631 1550 676; x_wconf 77' lang='lat' dir='ltr'><strong>usitatum</strong></span> 
     </span>
     <span class='ocr_line' id='line_1_7' title="bbox 252 713 1551 772; baseline 0.001 -15"><span class='ocrx_word' id='word_1_28' title='bbox 252 713 430 772; x_wconf 40' lang='lat' dir='ltr'><strong>‚librum</strong></span> <span class='ocrx_word' id='word_1_29' title='bbox 466 715 540 766; x_wconf 71' lang='lat' dir='ltr'><strong>vel</strong></span> <span class='ocrx_word' id='word_1_30' title='bbox 574 715 819 767; x_wconf 76' lang='lat' dir='ltr'><strong>volumen,</strong></span> <span class='ocrx_word' id='word_1_31' title='bbox 855 714 937 758; x_wconf 88' lang='lat' dir='ltr'><strong>sed</strong></span> <span class='ocrx_word' id='word_1_32' title='bbox 975 715 1191 768; x_wconf 82' lang='lat' dir='ltr'>fasciam,</span> <span class='ocrx_word' id='word_1_33' title='bbox 1226 715 1313 758; x_wconf 83' lang='lat' dir='ltr'><strong>hoc</strong></span> <span class='ocrx_word' id='word_1_34' title='bbox 1339 714 1551 762; x_wconf 75' lang='lat' dir='ltr'><strong>dictotex</strong></span> 
     </span>
     <span class='ocr_line' id='line_1_8' title="bbox 258 795 1550 855; baseline 0.002 -16"><span class='ocrx_word' id='word_1_35' title='bbox 258 796 440 839; x_wconf 86' lang='lat' dir='ltr'><strong>Cantic.</strong></span> <span class='ocrx_word' id='word_1_36' title='bbox 476 796 644 839; x_wconf 78' lang='lat' dir='ltr'><strong>cantic.</strong></span> <span class='ocrx_word' id='word_1_37' title='bbox 679 795 721 849; x_wconf 86' lang='lat'><strong>2,</strong></span> <span class='ocrx_word' id='word_1_38' title='bbox 761 795 799 848; x_wconf 90' lang='lat' dir='ltr'><strong>l,</strong></span> <span class='ocrx_word' id='word_1_39' title='bbox 834 804 1034 854; x_wconf 82' lang='lat' dir='ltr'><strong>sumpto,</strong></span> <span class='ocrx_word' id='word_1_40' title='bbox 1071 796 1370 854; x_wconf 71' lang='lat' dir='ltr'><strong>inscriptamz</strong></span> <span class='ocrx_word' id='word_1_41' title='bbox 1417 796 1550 855; x_wconf 63' lang='lat' dir='ltr'><strong>⁴Ego</strong></span> 
     </span>
     <span class='ocr_line' id='line_1_9' title="bbox 243 876 1549 936; baseline 0 -15"><span class='ocrx_word' id='word_1_42' title='bbox 243 876 351 936; x_wconf 79' lang='lat' dir='ltr'><strong>flos</strong></span> <span class='ocrx_word' id='word_1_43' title='bbox 391 878 554 935; x_wconf 74' lang='lat' dir='ltr'><strong>campi</strong></span> <span class='ocrx_word' id='word_1_44' title='bbox 594 881 641 920; x_wconf 84' lang='lat' dir='ltr'><strong>et</strong></span> <span class='ocrx_word' id='word_1_45' title='bbox 684 876 838 920; x_wconf 73' lang='lat' dir='ltr'><strong>lilium</strong></span> <span class='ocrx_word' id='word_1_46' title='bbox 885 877 1208 931; x_wconf 76' lang='lat' dir='ltr'><em>convallium,</em></span> <span class='ocrx_word' id='word_1_47' title='bbox 1248 892 1371 936; x_wconf 73' lang='lat' dir='ltr'><strong>quae</strong></span> <span class='ocrx_word' id='word_1_48' title='bbox 1408 878 1549 921; x_wconf 87' lang='lat' dir='ltr'><strong>verba</strong></span> 
     </span>
     <span class='ocr_line' id='line_1_10' title="bbox 255 959 1552 1017; baseline -0.001 -13"><span class='ocrx_word' id='word_1_49' title='bbox 255 959 485 1004; x_wconf 70' lang='lat' dir='ltr'><strong>SAnoMoN</strong></span> <span class='ocrx_word' id='word_1_50' title='bbox 526 959 659 1017; x_wconf 85' lang='lat' dir='ltr'><strong>quasi</strong></span> <span class='ocrx_word' id='word_1_51' title='bbox 695 959 901 1002; x_wconf 76' lang='lat' dir='ltr'>carmine</span> <span class='ocrx_word' id='word_1_52' title='bbox 937 961 1190 1003; x_wconf 87' lang='lat' dir='ltr'><strong>amoebaeo</strong></span> <span class='ocrx_word' id='word_1_53' title='bbox 1226 960 1465 1003; x_wconf 76' lang='lat' dir='ltr'><strong>Christum</strong></span> <span class='ocrx_word' id='word_1_54' title='bbox 1501 967 1552 1003; x_wconf 88' lang='lat' dir='ltr'><strong>ut</strong></span> 
     </span>
     <span class='ocr_line' id='line_1_11' title="bbox 252 1036 1590 1101; baseline -0.001 -16"><span class='ocrx_word' id='word_1_55' title='bbox 252 1052 476 1101; x_wconf 88' lang='lat' dir='ltr'><strong>sponsum</strong></span> <span class='ocrx_word' id='word_1_56' title='bbox 511 1038 585 1100; x_wconf 64' lang='lat' dir='ltr'><strong>{ad</strong></span> <span class='ocrx_word' id='word_1_57' title='bbox 633 1041 884 1086; x_wconf 83' lang='lat' dir='ltr'><strong>ecciesiam</strong></span> <span class='ocrx_word' id='word_1_58' title='bbox 933 1040 1010 1085; x_wconf 86' lang='lat' dir='ltr'><strong>dei</strong></span> <span class='ocrx_word' id='word_1_59' title='bbox 1048 1036 1345 1100; x_wconf 84' lang='lat' dir='ltr'><strong>ut-sponsam</strong></span> <span class='ocrx_word' id='word_1_60' title='bbox 1391 1040 1550 1086; x_wconf 83' lang='lat' dir='ltr'><strong>dicen-</strong></span> <span class='ocrx_word' id='word_1_61' title='bbox 1579 1052 1590 1057; x_wconf 75' lang='grc'><strong><em>’</em></strong></span> 
     </span>
     <span class='ocr_line' id='line_1_12' title="bbox 251 1123 509 1167; baseline -0.004 -1"><span class='ocrx_word' id='word_1_62' title='bbox 251 1130 344 1167; x_wconf 90' lang='lat' dir='ltr'><strong>tem</strong></span> <span class='ocrx_word' id='word_1_63' title='bbox 381 1123 509 1167; x_wconf 86' lang='lat' dir='ltr'><strong>facit.</strong></span> 
     </span>
    </p>
   </div>
   <div class='ocr_carea' id='block_1_4' title="bbox 250 1213 1549 1681">
    <p class='ocr_par' dir='ltr' id='par_1_4' title="bbox 250 1213 1549 1681">
     <span class='ocr_line' id='line_1_13' title="bbox 375 1213 1548 1258; baseline -0.001 0"><span class='ocrx_word' id='word_1_64' title='bbox 375 1214 568 1258; x_wconf 81' lang='lat' dir='ltr'><strong>Deinde</strong></span> <span class='ocrx_word' id='word_1_65' title='bbox 605 1214 824 1258; x_wconf 83' lang='lat' dir='ltr'><strong>Christus</strong></span> <span class='ocrx_word' id='word_1_66' title='bbox 860 1229 950 1258; x_wconf 89' lang='lat' dir='ltr'><strong>non</strong></span> <span class='ocrx_word' id='word_1_67' title='bbox 988 1215 1125 1258; x_wconf 88' lang='lat' dir='ltr'><strong>sedet</strong></span> <span class='ocrx_word' id='word_1_68' title='bbox 1154 1222 1202 1258; x_wconf 93' lang='lat' dir='ltr'><strong>ut</strong></span> <span class='ocrx_word' id='word_1_69' title='bbox 1228 1214 1339 1258; x_wconf 89' lang='lat' dir='ltr'><strong>alibi</strong></span> <span class='ocrx_word' id='word_1_70' title='bbox 1366 1213 1411 1257; x_wconf 89' lang='lat' dir='ltr'><strong>in</strong></span> <span class='ocrx_word' id='word_1_71' title='bbox 1436 1229 1548 1257; x_wconf 89' lang='lat' dir='ltr'><strong>arcu</strong></span> 
     </span>
     <span class='ocr_line' id='line_1_14' title="bbox 254 1280 1548 1366; baseline -0.002 -26"><span class='ocrx_word' id='word_1_72' title='bbox 254 1296 453 1340; x_wconf 81' lang='lat' dir='ltr'><strong>coelesti</strong></span> <span class='ocrx_word' id='word_1_73' title='bbox 509 1297 581 1340; x_wconf 87' lang='lat' dir='ltr'><strong>vel</strong></span> <span class='ocrx_word' id='word_1_74' title='bbox 635 1296 830 1366; x_wconf 82' lang='lat' dir='ltr'>throno,</span> <span class='ocrx_word' id='word_1_75' title='bbox 889 1296 972 1340; x_wconf 81' lang='lat' dir='ltr'><strong>sed</strong></span> <span class='ocrx_word' id='word_1_76' title='bbox 1018 1296 1064 1339; x_wconf 92' lang='lat' dir='ltr'><strong>in</strong></span> <span class='ocrx_word' id='word_1_77' title='bbox 1107 1280 1316 1357; x_wconf 37' lang='lat' dir='ltr'><strong>&#39;brachiis</strong></span> <span class='ocrx_word' id='word_1_78' title='bbox 1360 1296 1548 1353; x_wconf 85' lang='lat' dir='ltr'><strong>plantae</strong></span> 
     </span>
     <span class='ocr_line' id='line_1_15' title="bbox 252 1377 1549 1443; baseline -0.002 -22"><span class='ocrx_word' id='word_1_79' title='bbox 252 1379 497 1422; x_wconf 82' lang='lat' dir='ltr'><strong>arboreae.</strong></span> <span class='ocrx_word' id='word_1_80' title='bbox 564 1377 671 1421; x_wconf 91' lang='lat' dir='ltr'><strong>Hoc</strong></span> <span class='ocrx_word' id='word_1_81' title='bbox 708 1392 791 1443; x_wconf 88' lang='lat' dir='ltr'><strong>nos</strong></span> <span class='ocrx_word' id='word_1_82' title='bbox 825 1377 1013 1420; x_wconf 77' lang='lat' dir='ltr'><strong>reducit</strong></span> <span class='ocrx_word' id='word_1_83' title='bbox 1047 1377 1102 1420; x_wconf 91' lang='lat' dir='ltr'><strong>ad</strong></span> <span class='ocrx_word' id='word_1_84' title='bbox 1140 1378 1353 1441; x_wconf 81' lang='lat' dir='ltr'><strong>arborem</strong></span> <span class='ocrx_word' id='word_1_85' title='bbox 1378 1391 1549 1435; x_wconf 80' lang='lat' dir='ltr'><strong>genea-</strong></span> 
     </span>
     <span class='ocr_line' id='line_1_16' title="bbox 252 1457 1548 1521; baseline -0.002 -17"><span class='ocrx_word' id='word_1_86' title='bbox 252 1459 450 1521; x_wconf 72' lang='lat' dir='ltr'><strong>logicam</strong></span> <span class='ocrx_word' id='word_1_87' title='bbox 496 1458 595 1504; x_wconf 88' lang='lat' dir='ltr'><strong>sive</strong></span> <span class='ocrx_word' id='word_1_88' title='bbox 651 1464 852 1503; x_wconf 82' lang='lat' dir='ltr'><strong>stemma</strong></span> <span class='ocrx_word' id='word_1_89' title='bbox 895 1457 1027 1513; x_wconf 80' lang='lat' dir='ltr'><strong>Isai,</strong></span> <span class='ocrx_word' id='word_1_90' title='bbox 1084 1457 1219 1518; x_wconf 89' lang='lat' dir='ltr'><strong>cujus</strong></span> <span class='ocrx_word' id='word_1_91' title='bbox 1271 1473 1548 1518; x_wconf 81' lang='lat' dir='ltr'><strong>repraesen-</strong></span> 
     </span>
     <span class='ocr_line' id='line_1_17' title="bbox 250 1538 1548 1599; baseline -0.002 -15"><span class='ocrx_word' id='word_1_92' title='bbox 250 1541 369 1585; x_wconf 88' lang='lat' dir='ltr'><strong>tatio</strong></span> <span class='ocrx_word' id='word_1_93' title='bbox 402 1538 497 1599; x_wconf 89' lang='lat' dir='ltr'><strong>jam</strong></span> <span class='ocrx_word' id='word_1_94' title='bbox 544 1541 591 1584; x_wconf 89' lang='lat' dir='ltr'><strong>in</strong></span> <span class='ocrx_word' id='word_1_95' title='bbox 637 1539 979 1596; x_wconf 86' lang='lat' dir='ltr'><strong>antiquissimis</strong></span> <span class='ocrx_word' id='word_1_96' title='bbox 1022 1539 1224 1598; x_wconf 87' lang='lat' dir='ltr'><strong>picturis</strong></span> <span class='ocrx_word' id='word_1_97' title='bbox 1259 1539 1424 1585; x_wconf 87' lang='lat' dir='ltr'><strong>vitreis</strong></span> <span class='ocrx_word' id='word_1_98' title='bbox 1458 1539 1548 1586; x_wconf 80' lang='lat' dir='ltr'><strong>sre-</strong></span> 
     </span>
     <span class='ocr_line' id='line_1_18' title="bbox 250 1619 1545 1681; baseline -0.002 -15"><span class='ocrx_word' id='word_1_99' title='bbox 250 1637 398 1681; x_wconf 83' lang='lat' dir='ltr'><strong>quens</strong></span> <span class='ocrx_word' id='word_1_100' title='bbox 434 1629 505 1665; x_wconf 90' lang='lat' dir='ltr'><strong>est</strong></span> <span class='ocrx_word' id='word_1_101' title='bbox 521 1620 562 1680; x_wconf 84' lang='lat'><strong>*)</strong></span> <span class='ocrx_word' id='word_1_102' title='bbox 598 1628 645 1664; x_wconf 89' lang='lat' dir='ltr'><strong>et</strong></span> <span class='ocrx_word' id='word_1_103' title='bbox 682 1621 850 1664; x_wconf 83' lang='lat' dir='ltr'><strong>nititur</strong></span> <span class='ocrx_word' id='word_1_104' title='bbox 885 1621 931 1664; x_wconf 91' lang='lat' dir='ltr'><strong>in</strong></span> <span class='ocrx_word' id='word_1_105' title='bbox 967 1620 1099 1664; x_wconf 85' lang='lat' dir='ltr'><strong>Esai.</strong></span> <span class='ocrx_word' id='word_1_106' title='bbox 1141 1621 1208 1675; x_wconf 87' lang='grc' dir='ltr'><strong>ΙΙ,</strong></span> <span class='ocrx_word' id='word_1_107' title='bbox 1248 1621 1265 1663; x_wconf 93' lang='lat' dir='ltr'><strong>l</strong></span> <span class='ocrx_word' id='word_1_108' title='bbox 1300 1627 1348 1664; x_wconf 89' lang='lat' dir='ltr'><strong>et</strong></span> <span class='ocrx_word' id='word_1_109' title='bbox 1379 1619 1545 1679; x_wconf 81' lang='lat'>10**):</span> 
     </span>
    </p>
   </div>
   <div class='ocr_carea' id='block_1_5' title="bbox 241 1709 1546 2228">
    <p class='ocr_par' dir='ltr' id='par_1_5' title="bbox 241 1709 1546 2228">
     <span class='ocr_line' id='line_1_19' title="bbox 325 1709 1546 1763; baseline 0 -14"><span class='ocrx_word' id='word_1_110' title='bbox 325 1711 382 1749; x_wconf 88' lang='lat' dir='ltr'><strong>Et</strong></span> <span class='ocrx_word' id='word_1_111' title='bbox 428 1710 668 1763; x_wconf 84' lang='lat' dir='ltr'><strong>egredietur</strong></span> <span class='ocrx_word' id='word_1_112' title='bbox 713 1711 828 1762; x_wconf 82' lang='lat' dir='ltr'><strong>virga</strong></span> <span class='ocrx_word' id='word_1_113' title='bbox 874 1710 925 1748; x_wconf 84' lang='lat' dir='ltr'><strong>de</strong></span> <span class='ocrx_word' id='word_1_114' title='bbox 972 1710 1111 1749; x_wconf 83' lang='lat' dir='ltr'><strong>radice</strong></span> <span class='ocrx_word' id='word_1_115' title='bbox 1148 1711 1269 1748; x_wconf 81' lang='lat' dir='ltr'><strong>Jesse</strong></span> <span class='ocrx_word' id='word_1_116' title='bbox 1307 1715 1348 1749; x_wconf 86' lang='lat' dir='ltr'><strong>et</strong></span> <span class='ocrx_word' id='word_1_117' title='bbox 1383 1709 1459 1748; x_wconf 81' lang='lat' dir='ltr'><strong>flos</strong></span> <span class='ocrx_word' id='word_1_118' title='bbox 1495 1710 1546 1750; x_wconf 85' lang='lat' dir='ltr'><strong>de</strong></span> 
     </span>
     <span class='ocr_line' id='line_1_20' title="bbox 325 1781 828 1833; baseline -0.002 -14"><span class='ocrx_word' id='word_1_119' title='bbox 325 1781 464 1820; x_wconf 85' lang='lat' dir='ltr'><strong>radice</strong></span> <span class='ocrx_word' id='word_1_120' title='bbox 494 1781 580 1833; x_wconf 86' lang='lat' dir='ltr'><strong>ejus</strong></span> <span class='ocrx_word' id='word_1_121' title='bbox 609 1781 828 1828; x_wconf 80' lang='lat' dir='ltr'><strong>ascendet3</strong></span> 
     </span>
     <span class='ocr_line' id='line_1_21' title="bbox 373 1851 1546 1904; baseline -0.001 -13"><span class='ocrx_word' id='word_1_122' title='bbox 373 1852 421 1891; x_wconf 91' lang='lat' dir='ltr'><strong>In</strong></span> <span class='ocrx_word' id='word_1_123' title='bbox 450 1852 517 1890; x_wconf 87' lang='lat' dir='ltr'><strong>die</strong></span> <span class='ocrx_word' id='word_1_124' title='bbox 546 1852 613 1890; x_wconf 86' lang='lat' dir='ltr'><strong>illa</strong></span> <span class='ocrx_word' id='word_1_125' title='bbox 642 1852 755 1890; x_wconf 80' lang='lat' dir='ltr'><strong>radix</strong></span> <span class='ocrx_word' id='word_1_126' title='bbox 774 1853 895 1890; x_wconf 86' lang='lat' dir='ltr'><strong>Jesse</strong></span> <span class='ocrx_word' id='word_1_127' title='bbox 927 1851 992 1902; x_wconf 89' lang='lat' dir='ltr'><strong>qui</strong></span> <span class='ocrx_word' id='word_1_128' title='bbox 1021 1856 1102 1889; x_wconf 81' lang='lat' dir='ltr'><strong>stat</strong></span> <span class='ocrx_word' id='word_1_129' title='bbox 1131 1852 1167 1889; x_wconf 93' lang='lat' dir='ltr'><strong>in</strong></span> <span class='ocrx_word' id='word_1_130' title='bbox 1197 1851 1357 1904; x_wconf 82' lang='lat' dir='ltr'><strong>signnm</strong></span> <span class='ocrx_word' id='word_1_131' title='bbox 1379 1852 1546 1904; x_wconf 91' lang='lat' dir='ltr'><strong>populo-</strong></span> 
     </span>
     <span class='ocr_line' id='line_1_22' title="bbox 323 1908 1541 1976; baseline -0.001 -14"><span class='ocrx_word' id='word_1_132' title='bbox 323 1937 409 1962; x_wconf 83' lang='lat' dir='ltr'><strong>rum</strong></span> <span class='ocrx_word' id='word_1_133' title='bbox 438 1924 571 1975; x_wconf 89' lang='lat' dir='ltr'><strong>ipsum</strong></span> <span class='ocrx_word' id='word_1_134' title='bbox 600 1929 747 1975; x_wconf 82' lang='lat' dir='ltr'><strong>gentes</strong></span> <span class='ocrx_word' id='word_1_135' title='bbox 776 1922 1105 1974; x_wconf 80' lang='lat' dir='ltr'><strong>deprecabuntur</strong></span> <span class='ocrx_word' id='word_1_136' title='bbox 1127 1923 1263 1961; x_wconf 80' lang='lat' dir='ltr'><strong>eterit</strong></span> <span class='ocrx_word' id='word_1_137' title='bbox 1283 1908 1541 1976; x_wconf 64' lang='lat' dir='ltr'><strong>sepulchrum</strong></span> 
     </span>
     <span class='ocr_line' id='line_1_23' title="bbox 320 1994 671 2049; baseline -0.006 -16"><span class='ocrx_word' id='word_1_138' title='bbox 320 1994 405 2049; x_wconf 85' lang='lat' dir='ltr'><strong>ejus</strong></span> <span class='ocrx_word' id='word_1_139' title='bbox 433 1994 671 2047; x_wconf 87' lang='lat' dir='ltr'><strong>gloriosum.</strong></span> 
     </span>
     <span class='ocr_line' id='line_1_24' title="bbox 241 2088 1539 2148; baseline -0.001 -14"><span class='ocrx_word' id='word_1_140' title='bbox 241 2090 379 2134; x_wconf 83' lang='lat' dir='ltr'><strong>Haec</strong></span> <span class='ocrx_word' id='word_1_141' title='bbox 425 2089 804 2148; x_wconf 85' lang='lat' dir='ltr'><strong>repraesentatio</strong></span> <span class='ocrx_word' id='word_1_142' title='bbox 850 2088 1031 2131; x_wconf 89' lang='lat' dir='ltr'><strong>arboris</strong></span> <span class='ocrx_word' id='word_1_143' title='bbox 1077 2088 1411 2146; x_wconf 79' lang='lat' dir='ltr'><strong>genealogicae</strong></span> <span class='ocrx_word' id='word_1_144' title='bbox 1447 2088 1539 2133; x_wconf 85' lang='lat' dir='ltr'><strong>lsai</strong></span> 
     </span>
     <span class='ocr_line' id='line_1_25' title="bbox 242 2169 1542 2228; baseline -0.002 -12"><span class='ocrx_word' id='word_1_145' title='bbox 242 2172 341 2216; x_wconf 89' lang='lat' dir='ltr'><strong>sive</strong></span> <span class='ocrx_word' id='word_1_146' title='bbox 375 2171 515 2215; x_wconf 86' lang='lat' dir='ltr'><strong>Jesse</strong></span> <span class='ocrx_word' id='word_1_147' title='bbox 561 2171 838 2228; x_wconf 87' lang='lat' dir='ltr'><strong>plerumque</strong></span> <span class='ocrx_word' id='word_1_148' title='bbox 874 2169 1093 2213; x_wconf 85' lang='lat' dir='ltr'><strong>consistit</strong></span> <span class='ocrx_word' id='word_1_149' title='bbox 1127 2183 1185 2212; x_wconf 88' lang='lat' dir='ltr'><strong>ex</strong></span> <span class='ocrx_word' id='word_1_150' title='bbox 1220 2170 1542 2228; x_wconf 84' lang='lat' dir='ltr'><strong>compluribus</strong></span> 
     </span>
    </p>
   </div>
   <div class='ocr_carea' id='block_1_6' title="bbox 242 2249 1541 2390">
    <p class='ocr_par' dir='ltr' id='par_1_6' title="bbox 242 2249 1541 2390">
     <span class='ocr_line' id='line_1_26' title="bbox 243 2249 1541 2311; baseline -0.002 -15"><span class='ocrx_word' id='word_1_151' title='bbox 243 2253 430 2311; x_wconf 89' lang='lat' dir='ltr'><strong>figuris,</strong></span> <span class='ocrx_word' id='word_1_152' title='bbox 475 2266 594 2309; x_wconf 82' lang='lat' dir='ltr'><strong>quae</strong></span> <span class='ocrx_word' id='word_1_153' title='bbox 630 2251 769 2293; x_wconf 86' lang='lat' dir='ltr'><strong>ramis</strong></span> <span class='ocrx_word' id='word_1_154' title='bbox 805 2258 853 2293; x_wconf 88' lang='lat' dir='ltr'><strong>et</strong></span> <span class='ocrx_word' id='word_1_155' title='bbox 887 2250 1159 2308; x_wconf 83' lang='lat' dir='ltr'><strong>palmitibus</strong></span> <span class='ocrx_word' id='word_1_156' title='bbox 1194 2250 1321 2293; x_wconf 90' lang='lat' dir='ltr'><strong>inter</strong></span> <span class='ocrx_word' id='word_1_157' title='bbox 1354 2266 1404 2294; x_wconf 87' lang='lat' dir='ltr'><strong>se</strong></span> <span class='ocrx_word' id='word_1_158' title='bbox 1432 2249 1541 2309; x_wconf 87' lang='lat' dir='ltr'><strong>jun-</strong></span> 
     </span>
     <span class='ocr_line' id='line_1_27' title="bbox 242 2329 1538 2390; baseline 0 -14"><span class='ocrx_word' id='word_1_159' title='bbox 242 2341 344 2376; x_wconf 89' lang='lat' dir='ltr'><strong>ctae</strong></span> <span class='ocrx_word' id='word_1_160' title='bbox 379 2340 505 2376; x_wconf 87' lang='lat' dir='ltr'><strong>sunt.</strong></span> <span class='ocrx_word' id='word_1_161' title='bbox 569 2330 798 2390; x_wconf 82' lang='lat' dir='ltr'><strong>Singulae</strong></span> <span class='ocrx_word' id='word_1_162' title='bbox 834 2330 1012 2388; x_wconf 81' lang='lat' dir='ltr'><strong>figurae</strong></span> <span class='ocrx_word' id='word_1_163' title='bbox 1047 2329 1277 2388; x_wconf 77' lang='lat' dir='ltr'><strong>imagines</strong></span> <span class='ocrx_word' id='word_1_164' title='bbox 1313 2329 1538 2390; x_wconf 87' lang='lat' dir='ltr'><strong>majorum</strong></span> 
     </span>
    </p>
   </div>
   <div class='ocr_carea' id='block_1_7' title="bbox 233 2472 1539 2637">
    <p class='ocr_par' dir='ltr' id='par_1_7' title="bbox 233 2472 1539 2637">
     <span class='ocr_line' id='line_1_28' title="bbox 317 2472 1539 2514; baseline 0 -8"><span class='ocrx_word' id='word_1_165' title='bbox 317 2476 347 2514; x_wconf 72' lang='lat'><strong>‘)</strong></span> <span class='ocrx_word' id='word_1_166' title='bbox 378 2477 467 2506; x_wconf 84' lang='lat' dir='ltr'><strong>Conf.</strong></span> <span class='ocrx_word' id='word_1_167' title='bbox 502 2476 545 2506; x_wconf 87' lang='lat' dir='ltr'><strong>H.</strong></span> <span class='ocrx_word' id='word_1_168' title='bbox 572 2476 670 2513; x_wconf 72' lang='lat' dir='ltr'><strong>One,</strong></span> <span class='ocrx_word' id='word_1_169' title='bbox 704 2474 831 2504; x_wconf 69' lang='lat' dir='ltr'><strong>chrisa.</strong></span> <span class='ocrx_word' id='word_1_170' title='bbox 858 2472 1227 2511; x_wconf 69' lang='lat' dir='ltr'><strong>Kanotarchaeologie‚</strong></span> <span class='ocrx_word' id='word_1_171' title='bbox 1261 2483 1336 2513; x_wconf 82' lang='lat' dir='ltr'><strong>pag.</strong></span> <span class='ocrx_word' id='word_1_172' title='bbox 1362 2476 1424 2505; x_wconf 82' lang='lat'><strong>310</strong></span> <span class='ocrx_word' id='word_1_173' title='bbox 1450 2485 1539 2514; x_wconf 87' lang='lat' dir='ltr'><strong>sequ.</strong></span> 
     </span>
     <span class='ocr_line' id='line_1_29' title="bbox 233 2533 1536 2575; baseline 0.001 -9"><span class='ocrx_word' id='word_1_174' title='bbox 233 2542 282 2570; x_wconf 76' lang='lat' dir='ltr'><strong>et:</strong></span> <span class='ocrx_word' id='word_1_175' title='bbox 310 2538 359 2570; x_wconf 86' lang='lat' dir='ltr'><strong>W.</strong></span> <span class='ocrx_word' id='word_1_176' title='bbox 387 2537 684 2574; x_wconf 59' lang='lat' dir='ltr'><strong>Wacnmucn,</strong></span> <span class='ocrx_word' id='word_1_177' title='bbox 708 2536 761 2566; x_wconf 70' lang='lat' dir='ltr'><strong>die</strong></span> <span class='ocrx_word' id='word_1_178' title='bbox 786 2535 942 2566; x_wconf 64' lang='lat' dir='ltr'><strong>deutsche</strong></span> <span class='ocrx_word' id='word_1_179' title='bbox 968 2533 1209 2572; x_wconf 74' lang='lat' dir='ltr'><strong>Glasmalerea&#39;,</strong></span> <span class='ocrx_word' id='word_1_180' title='bbox 1233 2533 1263 2571; x_wconf 90' lang='lat'><strong>1,</strong></span> <span class='ocrx_word' id='word_1_181' title='bbox 1286 2544 1360 2574; x_wconf 81' lang='lat' dir='ltr'><strong>pag.</strong></span> <span class='ocrx_word' id='word_1_182' title='bbox 1384 2537 1425 2565; x_wconf 79' lang='lat'><strong>37</strong></span> <span class='ocrx_word' id='word_1_183' title='bbox 1447 2546 1536 2575; x_wconf 83' lang='lat' dir='ltr'><strong>sequ.</strong></span> 
     </span>
     <span class='ocr_line' id='line_1_30' title="bbox 314 2598 1047 2637; baseline -0.005 -7"><span class='ocrx_word' id='word_1_184' title='bbox 314 2600 350 2637; x_wconf 79' lang='lat'><strong>2)</strong></span> <span class='ocrx_word' id='word_1_185' title='bbox 375 2598 467 2629; x_wconf 81' lang='lat' dir='ltr'><strong>Conf.</strong></span> <span class='ocrx_word' id='word_1_186' title='bbox 493 2600 586 2628; x_wconf 81' lang='lat' dir='ltr'><strong>etiam</strong></span> <span class='ocrx_word' id='word_1_187' title='bbox 608 2598 712 2636; x_wconf 84' lang='lat' dir='ltr'><strong>Epist.</strong></span> <span class='ocrx_word' id='word_1_188' title='bbox 735 2598 774 2629; x_wconf 81' lang='lat' dir='ltr'><strong>ad</strong></span> <span class='ocrx_word' id='word_1_189' title='bbox 795 2599 890 2628; x_wconf 85' lang='lat' dir='ltr'><strong>Rom.</strong></span> <span class='ocrx_word' id='word_1_190' title='bbox 918 2601 974 2635; x_wconf 86' lang='lat'><strong>15,</strong></span> <span class='ocrx_word' id='word_1_191' title='bbox 1000 2600 1047 2628; x_wconf 79' lang='lat'><strong>12.</strong></span> 
     </span>
    </p>
   </div>
  </div>
 </body>
</html>
