1740 2837
658 204 716 209 -
838 178 895 222 31
1025 202 1086 209 .-

227 293 472 352 rigidioris
508 292 800 352 picturarum
835 290 1101 335 romanicae
1131 290 1305 335 artium
1345 287 1516 332 aetatis

220 375 451 435 ‹propi-iae
484 381 610 419 sunt.

349 458 556 503 Habitus
589 455 830 516 palmitum
865 454 1100 500 crassitiei
1134 452 1392 514 peculiaris
1426 457 1515 508 est,

222 540 344 583 “folia
379 539 517 583 etiam
553 553 672 596 quae
708 552 790 580 eos
825 543 1052 581 coronant
1075 537 1394 581 characterem
1424 550 1516 580 ma-

227 620 300 678 gis
354 618 773 663 architectonicum
830 632 964 675 quam
1008 618 1297 682 graphicum*
1326 618 1516 663 habent.

228 700 387 747 Etiam
432 700 625 745 frondes
670 699 875 743 minores
919 705 967 743 et
998 699 1302 759 pallidiores,
1345 697 1516 757 quibus

228 783 480 827 coeruleus
513 782 687 825 fundus
713 781 759 825 in
784 781 967 825 modum
990 781 1165 839 tapetis
1191 779 1515 834 intertexitur,

228 871 391 925 typum
427 865 612 931 brevem
649 870 696 908 et
729 863 916 908 teritem
943 868 1321 909 ornamentorum
1343 861 1516 907 aetatis

226 947 397 991 artium
433 946 697 990 romanicae
733 947 871 1004 plane
905 960 1018 1003 prae
1052 960 1103 989 se
1137 946 1310 989 ferunt.

348 1026 615 1071 Notandum
662 1033 757 1081 est,
803 1041 894 1070 non
928 1031 1076 1070 totum
1112 1025 1306 1070 fundum
1341 1039 1515 1070 nexum

224 1108 463 1153 frondium
487 1108 707 1167 organice
731 1107 1084 1152 cohaerentium
1109 1123 1228 1162 esse,
1255 1107 1337 1152 sed
1360 1108 1517 1166 singu-

226 1190 302 1236 lae
337 1189 446 1234 vitri
482 1190 769 1249 particulae,
816 1205 874 1234 ex
908 1189 1077 1248 quibus
1108 1190 1284 1234 fundus
1317 1194 1516 1245 constat,

225 1271 463 1315 frondium
510 1271 883 1330 designationem
927 1287 1012 1330 pro
1056 1287 1107 1315 se
1154 1271 1291 1316 aliam
1326 1271 1517 1316 habent.

225 1352 335 1398 Hoc
370 1352 516 1397 fundo
539 1352 686 1412 tapeti
710 1352 853 1397 simili
876 1353 1196 1407 admonemur,
1230 1352 1419 1397 omnino
1447 1352 1518 1413 pi·

226 1441 386 1479 cturas
409 1433 582 1477 vitreas
604 1434 651 1478 in
674 1435 827 1478 locum
855 1441 1063 1493 tapetum
1090 1434 1371 1478 substitutas
1393 1450 1515 1489 esse,

225 1514 396 1575 quibus
441 1520 579 1559 antea
622 1517 902 1575 templorum
938 1516 1176 1560 fenestrae
1211 1517 1514 1571 velabantur3

227 1604 277 1641 et
296 1596 505 1657 picturas
528 1596 702 1641 vitreas
720 1597 1012 1656 antiquiores
1035 1597 1095 1641 ad
1122 1602 1307 1655 tapetes
1330 1597 1515 1642 imitan-

224 1678 311 1723 dos
344 1663 628 1737 compositas
661 1693 791 1734 esse,
823 1678 889 1723 ita
922 1685 975 1723 ut
1011 1678 1272 1723 versicolor
1304 1678 1515 1723 fenestra

224 1749 375 1804 vitrea
409 1760 749 1818 quodammodo
782 1775 868 1821 pro
902 1761 1223 1805 translucente
1243 1766 1403 1820 tapete
1436 1761 1515 1804 ha-

224 1843 435 1898 berctur.

348 1923 571 1968 Ceterum
614 1930 760 1969 totum
801 1939 950 1984 genus
996 1923 1387 1983 repraesentandi
1435 1938 1515 1968 no·

227 2012 353 2051 strae
386 2006 601 2065 picturae
635 2007 893 2066 proprium,
927 2006 1236 2065 symbolicum
1267 2011 1354 2060 est,
1389 1993 1513 2064 quod

225 2103 342 2133 aevo
378 2088 533 2133 medio
566 2088 726 2149 priore
760 2089 1081 2132 excolebatur.

349 2169 490 2229 Quod
522 2170 695 2214 attinet
726 2170 782 2214 ad
819 2171 1028 2226 coloreS,
1063 2170 1306 2215 harmonia
1340 2171 1389 2215 in
1423 2170 1518 2215 sin-

226 2251 350 2311 gulis
397 2252 610 2311 partibus
655 2262 841 2297 nostrae
888 2253 1103 2312 picturae
1149 2253 1387 2308 cernitur,
1430 2253 1515 2298 sed

223 2333 451 2378 'effectum
507 2334 699 2379 totalem
756 2349 842 2379 nec
886 2341 1134 2380 assecutus
1179 2342 1275 2390 est,
1336 2350 1423 2379 nec
1467 2340 1518 2379 ut

231 2416 343 2460 mihi
391 2416 579 2460 videtur
612 2417 798 2475 assequi
833 2417 989 2475 pictor
1020 2416 1218 2460 studuit.
1284 2416 1517 2462 Croceum

226 2498 541 2542 rubicundum
584 2497 718 2557 pallii
753 2512 855 2542 cum
891 2497 1037 2542 fundo
1070 2499 1295 2543 coeruleo
1332 2504 1381 2542 et
1414 2512 1515 2542 cum

230 2580 334 2626 alba
384 2581 566 2636 tunica,
623 2579 798 2625 deinde
851 2580 1069 2626 viriditas
1123 2580 1366 2640 palmitum
1412 2595 1516 2625 cum
