<?xml version="1.0" encoding="UTF-8"?>
<!DOCTYPE html PUBLIC "-//W3C//DTD XHTML 1.0 Transitional//EN"
    "http://www.w3.org/TR/xhtml1/DTD/xhtml1-transitional.dtd">
<html xmlns="http://www.w3.org/1999/xhtml" xml:lang="en" lang="en">
 <head>
  <title>
</title>
<meta http-equiv="Content-Type" content="text/html;charset=utf-8" />
  <meta name='ocr-system' content='tesseract 3.04.00' />
  <meta name='ocr-capabilities' content='ocr_page ocr_carea ocr_par ocr_line ocrx_word'/>
</head>
<body>
  <div class='ocr_page' id='page_1' title='image "./4627209_0051.png"; bbox 0 0 1740 2837; ppageno 0'>
   <div class='ocr_carea' id='block_1_1' title="bbox 631 117 1045 161">
    <p class='ocr_par' dir='ltr' id='par_1_1' title="bbox 631 117 1045 161">
     <span class='ocr_line' id='line_1_1' title="bbox 631 117 1045 161; baseline 0.002 -12"><span class='ocrx_word' id='word_1_1' title='bbox 631 144 682 149; x_wconf 73' lang='grc'><strong>--.</strong></span> <span class='ocrx_word' id='word_1_2' title='bbox 804 117 864 161; x_wconf 74' lang='grc'><strong>45</strong></span> <span class='ocrx_word' id='word_1_3' title='bbox 988 144 1045 150; x_wconf 77' lang='grc'><strong>.-</strong></span> 
     </span>
    </p>
   </div>
   <div class='ocr_carea' id='block_1_2' title="bbox 143 230 1476 2086">
    <p class='ocr_par' dir='ltr' id='par_1_2' title="bbox 186 230 1476 847">
     <span class='ocr_line' id='line_1_2' title="bbox 190 230 1476 291; baseline 0.001 -16"><span class='ocrx_word' id='word_1_4' title='bbox 190 247 251 275; x_wconf 79' lang='lat' dir='ltr'><strong>on</strong></span> <span class='ocrx_word' id='word_1_5' title='bbox 287 230 610 276; x_wconf 65' lang='lat' dir='ltr'><strong>architectura</strong></span> <span class='ocrx_word' id='word_1_6' title='bbox 626 232 669 289; x_wconf 84' lang='lat'><strong>*)</strong></span> <span class='ocrx_word' id='word_1_7' title='bbox 705 231 808 274; x_wconf 90' lang='lat' dir='ltr'><strong>Vol.</strong></span> <span class='ocrx_word' id='word_1_8' title='bbox 844 230 908 275; x_wconf 91' lang='lat' dir='ltr'><strong>II.</strong></span> <span class='ocrx_word' id='word_1_9' title='bbox 944 231 1130 291; x_wconf 86' lang='lat' dir='ltr'><strong>depicta</strong></span> <span class='ocrx_word' id='word_1_10' title='bbox 1157 239 1243 277; x_wconf 87' lang='lat' dir='ltr'><strong>est.</strong></span> <span class='ocrx_word' id='word_1_11' title='bbox 1306 231 1373 276; x_wconf 85' lang='lat' dir='ltr'><strong>Et</strong></span> <span class='ocrx_word' id='word_1_12' title='bbox 1397 232 1476 277; x_wconf 87' lang='lat' dir='ltr'><strong>hic</strong></span> 
     </span>
     <span class='ocr_line' id='line_1_3' title="bbox 188 313 1476 372; baseline 0.001 -16"><span class='ocrx_word' id='word_1_13' title='bbox 188 314 406 357; x_wconf 85' lang='lat' dir='ltr'><strong>Christus</strong></span> <span class='ocrx_word' id='word_1_14' title='bbox 440 313 630 372; x_wconf 89' lang='lat' dir='ltr'><strong>pallium</strong></span> <span class='ocrx_word' id='word_1_15' title='bbox 668 328 883 356; x_wconf 88' lang='lat' dir='ltr'><strong>croceum</strong></span> <span class='ocrx_word' id='word_1_16' title='bbox 921 314 1230 358; x_wconf 87' lang='lat' dir='ltr'><strong>rubicundum</strong></span> <span class='ocrx_word' id='word_1_17' title='bbox 1263 314 1390 372; x_wconf 84' lang='lat' dir='ltr'><strong>gerit</strong></span> <span class='ocrx_word' id='word_1_18' title='bbox 1427 320 1476 357; x_wconf 89' lang='lat' dir='ltr'><strong>et</strong></span> 
     </span>
     <span class='ocr_line' id='line_1_4' title="bbox 190 395 1474 455; baseline 0.002 -16"><span class='ocrx_word' id='word_1_19' title='bbox 190 397 370 455; x_wconf 81' lang='lat' dir='ltr'><strong>longam</strong></span> <span class='ocrx_word' id='word_1_20' title='bbox 416 395 619 439; x_wconf 88' lang='lat' dir='ltr'><strong>tunicam</strong></span> <span class='ocrx_word' id='word_1_21' title='bbox 664 395 841 449; x_wconf 90' lang='lat' dir='ltr'><strong>albam,</strong></span> <span class='ocrx_word' id='word_1_22' title='bbox 885 395 1057 440; x_wconf 89' lang='lat' dir='ltr'><strong>sedens</strong></span> <span class='ocrx_word' id='word_1_23' title='bbox 1099 395 1147 440; x_wconf 92' lang='lat' dir='ltr'><strong>in</strong></span> <span class='ocrx_word' id='word_1_24' title='bbox 1188 396 1334 440; x_wconf 85' lang='lat' dir='ltr'><strong>fundo</strong></span> <span class='ocrx_word' id='word_1_25' title='bbox 1370 412 1474 441; x_wconf 85' lang='lat' dir='ltr'><strong>coe·</strong></span> 
     </span>
     <span class='ocr_line' id='line_1_5' title="bbox 189 476 1473 536; baseline 0.002 -15"><span class='ocrx_word' id='word_1_26' title='bbox 189 479 338 531; x_wconf 88' lang='lat' dir='ltr'><strong>ruleo,</strong></span> <span class='ocrx_word' id='word_1_27' title='bbox 373 476 454 520; x_wconf 86' lang='lat' dir='ltr'><strong>sed</strong></span> <span class='ocrx_word' id='word_1_28' title='bbox 492 477 538 520; x_wconf 91' lang='lat' dir='ltr'><strong>in</strong></span> <span class='ocrx_word' id='word_1_29' title='bbox 574 477 759 520; x_wconf 81' lang='lat' dir='ltr'><strong>throno.</strong></span> <span class='ocrx_word' id='word_1_30' title='bbox 824 476 929 521; x_wconf 89' lang='lat' dir='ltr'><strong>Hoc</strong></span> <span class='ocrx_word' id='word_1_31' title='bbox 964 477 1233 536; x_wconf 83' lang='lat' dir='ltr'><strong>opinionem</strong></span> <span class='ocrx_word' id='word_1_32' title='bbox 1268 486 1473 523; x_wconf 87' lang='lat' dir='ltr'><strong>nostram</strong></span> 
     </span>
     <span class='ocr_line' id='line_1_6' title="bbox 189 557 1474 619; baseline 0.002 -17"><span class='ocrx_word' id='word_1_33' title='bbox 189 559 333 617; x_wconf 83' lang='lat' dir='ltr'><strong>magis</strong></span> <span class='ocrx_word' id='word_1_34' title='bbox 379 557 646 612; x_wconf 88' lang='lat' dir='ltr'><strong>confirmat,</strong></span> <span class='ocrx_word' id='word_1_35' title='bbox 690 558 735 602; x_wconf 90' lang='lat' dir='ltr'><strong>in</strong></span> <span class='ocrx_word' id='word_1_36' title='bbox 783 558 1016 617; x_wconf 81' lang='lat' dir='ltr'><strong>eligendis</strong></span> <span class='ocrx_word' id='word_1_37' title='bbox 1060 559 1297 604; x_wconf 89' lang='lat' dir='ltr'><strong>coloribus</strong></span> <span class='ocrx_word' id='word_1_38' title='bbox 1340 574 1474 619; x_wconf 83' lang='lat' dir='ltr'><strong>argu·</strong></span> 
     </span>
     <span class='ocr_line' id='line_1_7' title="bbox 190 639 1471 698; baseline 0.002 -15"><span class='ocrx_word' id='word_1_39' title='bbox 190 648 342 684; x_wconf 87' lang='lat' dir='ltr'><strong>menta</strong></span> <span class='ocrx_word' id='word_1_40' title='bbox 391 655 448 682; x_wconf 86' lang='lat' dir='ltr'><strong>ex</strong></span> <span class='ocrx_word' id='word_1_41' title='bbox 483 639 624 683; x_wconf 85' lang='lat' dir='ltr'><strong>dictis</strong></span> <span class='ocrx_word' id='word_1_42' title='bbox 660 639 846 682; x_wconf 88' lang='lat' dir='ltr'><strong>biblicis</strong></span> <span class='ocrx_word' id='word_1_43' title='bbox 879 640 1027 698; x_wconf 89' lang='lat' dir='ltr'><strong>petita</strong></span> <span class='ocrx_word' id='word_1_44' title='bbox 1062 655 1185 690; x_wconf 50' lang='lat' dir='ltr'><strong>esseq</strong></span> <span class='ocrx_word' id='word_1_45' title='bbox 1247 641 1471 685; x_wconf 87' lang='lat' dir='ltr'><strong>Ceterum</strong></span> 
     </span>
     <span class='ocr_line' id='line_1_8' title="bbox 188 721 1474 779; baseline 0.001 -13"><span class='ocrx_word' id='word_1_46' title='bbox 188 722 446 766; x_wconf 78' lang='lat' dir='ltr'><strong>delineatio</strong></span> <span class='ocrx_word' id='word_1_47' title='bbox 491 721 703 779; x_wconf 80' lang='lat' dir='ltr'><strong>picturae</strong></span> <span class='ocrx_word' id='word_1_48' title='bbox 738 721 964 779; x_wconf 84' lang='lat' dir='ltr'><strong>Anglicae</strong></span> <span class='ocrx_word' id='word_1_49' title='bbox 1010 721 1175 764; x_wconf 90' lang='lat' dir='ltr'><strong>durior</strong></span> <span class='ocrx_word' id='word_1_50' title='bbox 1217 729 1265 765; x_wconf 89' lang='lat' dir='ltr'><strong>et</strong></span> <span class='ocrx_word' id='word_1_51' title='bbox 1307 722 1474 767; x_wconf 86' lang='lat' dir='ltr'><strong>rudior</strong></span> 
     </span>
     <span class='ocr_line' id='line_1_9' title="bbox 186 809 274 847; baseline -0.023 0"><span class='ocrx_word' id='word_1_52' title='bbox 186 809 274 847; x_wconf 90' lang='lat' dir='ltr'><strong>est.</strong></span> 
     </span>
    </p>

    <p class='ocr_par' dir='ltr' id='par_1_3' title="bbox 182 877 1473 1513">
     <span class='ocr_line' id='line_1_10' title="bbox 307 877 1473 942; baseline 0.001 -15"><span class='ocrx_word' id='word_1_53' title='bbox 307 885 362 928; x_wconf 90' lang='lat' dir='ltr'><strong>In</strong></span> <span class='ocrx_word' id='word_1_54' title='bbox 399 877 662 942; x_wconf 73' lang='lat' dir='ltr'><strong>Thuringia</strong></span> <span class='ocrx_word' id='word_1_55' title='bbox 706 885 1020 930; x_wconf 54' lang='lat' dir='ltr'><strong>etiam-sunm</strong></span> <span class='ocrx_word' id='word_1_56' title='bbox 1040 881 1344 928; x_wconf 73' lang='lat' dir='ltr'><strong>monumenta·</strong></span> <span class='ocrx_word' id='word_1_57' title='bbox 1381 899 1473 928; x_wconf 89' lang='lat' dir='ltr'><strong>am-</strong></span> 
     </span>
     <span class='ocr_line' id='line_1_11' title="bbox 185 964 1471 1024; baseline 0.001 -15"><span class='ocrx_word' id='word_1_58' title='bbox 185 965 338 1024; x_wconf 84' lang='lat' dir='ltr'><strong>pliora</strong></span> <span class='ocrx_word' id='word_1_59' title='bbox 402 965 486 1009; x_wconf 91' lang='lat' dir='ltr'><strong>sed</strong></span> <span class='ocrx_word' id='word_1_60' title='bbox 545 964 813 1008; x_wconf 81' lang='lat' dir='ltr'><strong>recentiora</strong></span> <span class='ocrx_word' id='word_1_61' title='bbox 866 965 1073 1023; x_wconf 82' lang='lat' dir='ltr'><strong>epochae</strong></span> <span class='ocrx_word' id='word_1_62' title='bbox 1126 965 1471 1010; x_wconf 84' lang='lat' dir='ltr'><strong>vetustissimae</strong></span> 
     </span>
     <span class='ocr_line' id='line_1_12' title="bbox 185 1032 1471 1105; baseline 0.001 -15"><span class='ocrx_word' id='word_1_63' title='bbox 185 1047 301 1090; x_wconf 87' lang='lat' dir='ltr'><strong>artis</strong></span> <span class='ocrx_word' id='word_1_64' title='bbox 335 1032 382 1089; x_wconf 81' lang='lat' dir='ltr'><strong>in</strong></span> <span class='ocrx_word' id='word_1_65' title='bbox 417 1045 538 1090; x_wconf 87' lang='lat' dir='ltr'><strong>vitro</strong></span> <span class='ocrx_word' id='word_1_66' title='bbox 567 1045 792 1105; x_wconf 80' lang='lat' dir='ltr'><strong>pingendi</strong></span> <span class='ocrx_word' id='word_1_67' title='bbox 818 1045 1147 1089; x_wconf 52' lang='lat' dir='ltr'><strong>adscribenda·</strong></span> <span class='ocrx_word' id='word_1_68' title='bbox 1207 1046 1471 1091; x_wconf 82' lang='lat' dir='ltr'><strong>Fenestrae</strong></span> 
     </span>
     <span class='ocr_line' id='line_1_13' title="bbox 185 1127 1473 1173; baseline 0.001 -1"><span class='ocrx_word' id='word_1_69' title='bbox 185 1135 295 1172; x_wconf 88' lang='lat' dir='ltr'><strong>sunt</strong></span> <span class='ocrx_word' id='word_1_70' title='bbox 354 1128 485 1171; x_wconf 87' lang='lat' dir='ltr'><strong>chori</strong></span> <span class='ocrx_word' id='word_1_71' title='bbox 542 1127 853 1171; x_wconf 91' lang='lat' dir='ltr'><strong>occidentalis</strong></span> <span class='ocrx_word' id='word_1_72' title='bbox 911 1127 1141 1172; x_wconf 87' lang='lat' dir='ltr'><strong>ecclesiae</strong></span> <span class='ocrx_word' id='word_1_73' title='bbox 1186 1128 1473 1173; x_wconf 86' lang='lat' dir='ltr'><strong>cathedralis</strong></span> 
     </span>
     <span class='ocr_line' id='line_1_14' title="bbox 186 1204 1472 1269; baseline -0.001 -14"><span class='ocrx_word' id='word_1_74' title='bbox 186 1209 591 1269; x_wconf 80' lang='lat' dir='ltr'><strong>Nuenburgensis‚</strong></span> <span class='ocrx_word' id='word_1_75' title='bbox 626 1210 682 1253; x_wconf 87' lang='lat' dir='ltr'><strong>ad</strong></span> <span class='ocrx_word' id='word_1_76' title='bbox 719 1204 918 1253; x_wconf 86' lang='lat' dir='ltr'><strong>aetatem</strong></span> <span class='ocrx_word' id='word_1_77' title='bbox 953 1209 1269 1254; x_wconf 80' lang='lat' dir='ltr'><strong>transitoriam</strong></span> <span class='ocrx_word' id='word_1_78' title='bbox 1293 1209 1472 1254; x_wconf 88' lang='lat' dir='ltr'><strong>saeculi</strong></span> 
     </span>
     <span class='ocr_line' id='line_1_15' title="bbox 182 1291 1473 1350; baseline -0.001 -14"><span class='ocrx_word' id='word_1_79' title='bbox 182 1292 305 1336; x_wconf 90' lang='lat' dir='ltr'><strong>XIII</strong></span> <span class='ocrx_word' id='word_1_80' title='bbox 339 1291 535 1335; x_wconf 86' lang='lat' dir='ltr'><strong>serioris</strong></span> <span class='ocrx_word' id='word_1_81' title='bbox 569 1291 889 1350; x_wconf 82' lang='lat' dir='ltr'><strong>pertinenteS‚</strong></span> <span class='ocrx_word' id='word_1_82' title='bbox 936 1306 1054 1349; x_wconf 90' lang='lat' dir='ltr'><strong>quae</strong></span> <span class='ocrx_word' id='word_1_83' title='bbox 1089 1291 1241 1334; x_wconf 84' lang='lat' dir='ltr'><strong>adhuc</strong></span> <span class='ocrx_word' id='word_1_84' title='bbox 1275 1306 1367 1335; x_wconf 91' lang='lat' dir='ltr'><strong>non</strong></span> <span class='ocrx_word' id='word_1_85' title='bbox 1401 1306 1473 1335; x_wconf 86' lang='lat' dir='ltr'><strong>sa·</strong></span> 
     </span>
     <span class='ocr_line' id='line_1_16' title="bbox 182 1372 1472 1418; baseline -0.002 0"><span class='ocrx_word' id='word_1_86' title='bbox 182 1375 245 1418; x_wconf 84' lang='lat' dir='ltr'><strong>tis</strong></span> <span class='ocrx_word' id='word_1_87' title='bbox 289 1374 533 1418; x_wconf 86' lang='lat' dir='ltr'><strong>aestimata</strong></span> <span class='ocrx_word' id='word_1_88' title='bbox 576 1378 701 1416; x_wconf 86' lang='lat' dir='ltr'><strong>sunt.</strong></span> <span class='ocrx_word' id='word_1_89' title='bbox 767 1372 862 1416; x_wconf 88' lang='lat' dir='ltr'><strong>Sed</strong></span> <span class='ocrx_word' id='word_1_90' title='bbox 908 1376 1014 1416; x_wconf 79' lang='lat' dir='ltr'><strong>mox&#39;</strong></span> <span class='ocrx_word' id='word_1_91' title='bbox 1056 1372 1261 1417; x_wconf 83' lang='lat' dir='ltr'><strong>certiora</strong></span> <span class='ocrx_word' id='word_1_92' title='bbox 1306 1373 1364 1416; x_wconf 90' lang='lat' dir='ltr'><strong>de</strong></span> <span class='ocrx_word' id='word_1_93' title='bbox 1396 1372 1472 1417; x_wconf 88' lang='lat' dir='ltr'><strong>his</strong></span> 
     </span>
     <span class='ocr_line' id='line_1_17' title="bbox 185 1454 1097 1513; baseline -0.005 -12"><span class='ocrx_word' id='word_1_94' title='bbox 185 1454 257 1501; x_wconf 83' lang='lat' dir='ltr'><strong>me</strong></span> <span class='ocrx_word' id='word_1_95' title='bbox 292 1454 636 1500; x_wconf 86' lang='lat' dir='ltr'><strong>communicare</strong></span> <span class='ocrx_word' id='word_1_96' title='bbox 671 1468 809 1513; x_wconf 91' lang='lat' dir='ltr'><strong>posse</strong></span> <span class='ocrx_word' id='word_1_97' title='bbox 844 1469 1001 1513; x_wconf 87' lang='lat' dir='ltr'><strong>spero.</strong></span> <span class='ocrx_word' id='word_1_98' title='bbox 1036 1479 1097 1486; x_wconf 88' lang='lat'><strong>--</strong></span> 
     </span>
    </p>

    <p class='ocr_par' dir='ltr' id='par_1_4' title="bbox 143 1535 1473 2086">
     <span class='ocr_line' id='line_1_18' title="bbox 306 1535 1470 1595; baseline -0.002 -14"><span class='ocrx_word' id='word_1_99' title='bbox 306 1538 378 1581; x_wconf 90' lang='lat' dir='ltr'><strong>Ita</strong></span> <span class='ocrx_word' id='word_1_100' title='bbox 422 1544 665 1594; x_wconf 87' lang='lat' dir='ltr'><strong>utramque</strong></span> <span class='ocrx_word' id='word_1_101' title='bbox 707 1535 937 1595; x_wconf 86' lang='lat' dir='ltr'><strong>picturam</strong></span> <span class='ocrx_word' id='word_1_102' title='bbox 982 1535 1175 1580; x_wconf 84' lang='lat' dir='ltr'><strong>vitream</strong></span> <span class='ocrx_word' id='word_1_103' title='bbox 1212 1536 1259 1579; x_wconf 91' lang='lat' dir='ltr'><strong>in</strong></span> <span class='ocrx_word' id='word_1_104' title='bbox 1294 1537 1470 1594; x_wconf 88' lang='lat' dir='ltr'><strong>templo</strong></span> 
     </span>
     <span class='ocr_line' id='line_1_19' title="bbox 143 1617 1473 1676; baseline -0.002 -13"><span class='ocrx_word' id='word_1_105' title='bbox 143 1623 154 1627; x_wconf 84' lang='grc'><em>“</em></span> <span class='ocrx_word' id='word_1_106' title='bbox 183 1619 234 1664; x_wconf 89' lang='lat' dir='ltr'><strong>S.</strong></span> <span class='ocrx_word' id='word_1_107' title='bbox 281 1618 380 1662; x_wconf 86' lang='lat' dir='ltr'><strong>Viti</strong></span> <span class='ocrx_word' id='word_1_108' title='bbox 424 1618 473 1662; x_wconf 89' lang='lat' dir='ltr'><strong>in</strong></span> <span class='ocrx_word' id='word_1_109' title='bbox 507 1617 610 1662; x_wconf 89' lang='lat' dir='ltr'><strong>vico</strong></span> <span class='ocrx_word' id='word_1_110' title='bbox 644 1617 896 1676; x_wconf 82' lang='lat' dir='ltr'><strong>Veitsberg</strong></span> <span class='ocrx_word' id='word_1_111' title='bbox 928 1617 1262 1661; x_wconf 86' lang='lat' dir='ltr'><strong>vetustissimis</strong></span> <span class='ocrx_word' id='word_1_112' title='bbox 1293 1632 1473 1676; x_wconf 84' lang='lat' dir='ltr'><strong>germa-</strong></span> 
     </span>
     <span class='ocr_line' id='line_1_20' title="bbox 182 1688 1473 1758; baseline -0.002 -13"><span class='ocrx_word' id='word_1_113' title='bbox 182 1701 303 1745; x_wconf 88' lang='lat' dir='ltr'><strong>nicis</strong></span> <span class='ocrx_word' id='word_1_114' title='bbox 337 1688 873 1744; x_wconf 45' lang='lat' dir='ltr'><strong>adnumerandam‘esse</strong></span> <span class='ocrx_word' id='word_1_115' title='bbox 908 1698 1119 1754; x_wconf 89' lang='lat' dir='ltr'><strong>confido,</strong></span> <span class='ocrx_word' id='word_1_116' title='bbox 1154 1705 1201 1742; x_wconf 87' lang='lat' dir='ltr'><strong>et</strong></span> <span class='ocrx_word' id='word_1_117' title='bbox 1234 1700 1292 1743; x_wconf 81' lang='lat' dir='ltr'><strong>ob</strong></span> <span class='ocrx_word' id='word_1_118' title='bbox 1327 1714 1473 1758; x_wconf 89' lang='lat' dir='ltr'><strong>penu-</strong></span> 
     </span>
     <span class='ocr_line' id='line_1_21' title="bbox 181 1779 1471 1841; baseline -0.003 -14"><span class='ocrx_word' id='word_1_119' title='bbox 181 1782 299 1827; x_wconf 83' lang='lat' dir='ltr'><strong>riam</strong></span> <span class='ocrx_word' id='word_1_120' title='bbox 332 1781 638 1839; x_wconf 88' lang='lat' dir='ltr'><strong>reliquiarum</strong></span> <span class='ocrx_word' id='word_1_121' title='bbox 674 1779 906 1841; x_wconf 89' lang='lat' dir='ltr'><strong>ejusmodi</strong></span> <span class='ocrx_word' id='word_1_122' title='bbox 941 1786 988 1824; x_wconf 90' lang='lat' dir='ltr'><strong>et</strong></span> <span class='ocrx_word' id='word_1_123' title='bbox 1023 1782 1080 1824; x_wconf 89' lang='lat' dir='ltr'><strong>ob</strong></span> <span class='ocrx_word' id='word_1_124' title='bbox 1120 1779 1471 1841; x_wconf 85' lang='lat' dir='ltr'><strong>praestantiam,</strong></span> 
     </span>
     <span class='ocr_line' id='line_1_22' title="bbox 182 1862 1471 1924; baseline -0.002 -15"><span class='ocrx_word' id='word_1_125' title='bbox 182 1880 301 1924; x_wconf 91' lang='lat' dir='ltr'><strong>quae</strong></span> <span class='ocrx_word' id='word_1_126' title='bbox 348 1863 522 1908; x_wconf 88' lang='lat' dir='ltr'><strong>nostris</strong></span> <span class='ocrx_word' id='word_1_127' title='bbox 565 1869 659 1907; x_wconf 86' lang='lat' dir='ltr'><strong>tam</strong></span> <span class='ocrx_word' id='word_1_128' title='bbox 693 1863 899 1922; x_wconf 87' lang='lat' dir='ltr'><strong>antiquis</strong></span> <span class='ocrx_word' id='word_1_129' title='bbox 932 1863 1132 1922; x_wconf 89' lang='lat' dir='ltr'><strong>picturis</strong></span> <span class='ocrx_word' id='word_1_130' title='bbox 1165 1862 1331 1907; x_wconf 87' lang='lat' dir='ltr'><strong>vitreis</strong></span> <span class='ocrx_word' id='word_1_131' title='bbox 1366 1877 1471 1922; x_wconf 88' lang='lat' dir='ltr'><strong>pro-</strong></span> 
     </span>
     <span class='ocr_line' id='line_1_23' title="bbox 180 1942 1470 2006; baseline -0.002 -17"><span class='ocrx_word' id='word_1_132' title='bbox 180 1946 285 2006; x_wconf 86' lang='lat' dir='ltr'><strong>pria</strong></span> <span class='ocrx_word' id='word_1_133' title='bbox 319 1952 406 1999; x_wconf 90' lang='lat' dir='ltr'><strong>est,</strong></span> <span class='ocrx_word' id='word_1_134' title='bbox 440 1944 805 2004; x_wconf 85' lang='lat' dir='ltr'><strong>publicationem</strong></span> <span class='ocrx_word' id='word_1_135' title='bbox 842 1959 1001 1988; x_wconf 87' lang='lat' dir='ltr'><strong>earum</strong></span> <span class='ocrx_word' id='word_1_136' title='bbox 1038 1960 1126 1989; x_wconf 91' lang='lat' dir='ltr'><strong>non</strong></span> <span class='ocrx_word' id='word_1_137' title='bbox 1168 1942 1470 2002; x_wconf 90' lang='lat' dir='ltr'><strong>injucundam</strong></span> 
     </span>
     <span class='ocr_line' id='line_1_24' title="bbox 181 2027 475 2086; baseline -0.007 -15"><span class='ocrx_word' id='word_1_138' title='bbox 181 2027 284 2071; x_wconf 84' lang='lat' dir='ltr'><strong>fore</strong></span> <span class='ocrx_word' id='word_1_139' title='bbox 318 2041 475 2086; x_wconf 88' lang='lat' dir='ltr'><strong>spero.</strong></span> 
     </span>
    </p>
   </div>
   <div class='ocr_carea' id='block_1_3' title="bbox 180 2134 1472 2259">
    <p class='ocr_par' dir='ltr' id='par_1_5' title="bbox 180 2134 1472 2259">
     <span class='ocr_line' id='line_1_25' title="bbox 262 2134 1472 2197; baseline 0 -10"><span class='ocrx_word' id='word_1_140' title='bbox 262 2156 296 2197; x_wconf 69' lang='lat'><strong>⁸)</strong></span> <span class='ocrx_word' id='word_1_141' title='bbox 321 2157 479 2196; x_wconf 76' lang='lat' dir='ltr'><strong>Quaterly</strong></span> <span class='ocrx_word' id='word_1_142' title='bbox 499 2134 621 2195; x_wconf 59' lang='lat' dir='ltr'><strong>pepe-rs</strong></span> <span class='ocrx_word' id='word_1_143' title='bbox 643 2166 685 2186; x_wconf 84' lang='lat' dir='ltr'><strong>on</strong></span> <span class='ocrx_word' id='word_1_144' title='bbox 707 2155 948 2195; x_wconf 70' lang='lat' dir='ltr'><strong>architectum,</strong></span> <span class='ocrx_word' id='word_1_145' title='bbox 976 2155 1046 2188; x_wconf 79' lang='lat' dir='ltr'><strong>Vol.</strong></span> <span class='ocrx_word' id='word_1_146' title='bbox 1073 2155 1131 2194; x_wconf 90' lang='lat'><strong>11,</strong></span> <span class='ocrx_word' id='word_1_147' title='bbox 1156 2155 1294 2186; x_wconf 82' lang='lat' dir='ltr'><strong>London</strong></span> <span class='ocrx_word' id='word_1_148' title='bbox 1317 2158 1408 2187; x_wconf 75' lang='lat'>1844.</span> <span class='ocrx_word' id='word_1_149' title='bbox 1432 2173 1472 2179; x_wconf 92' lang='lat'>—</span> 
     </span>
     <span class='ocr_line' id='line_1_26' title="bbox 180 2218 1215 2259; baseline -0.004 -8"><span class='ocrx_word' id='word_1_150' title='bbox 180 2219 252 2251; x_wconf 83' lang='lat' dir='ltr'><strong>vid.</strong></span> <span class='ocrx_word' id='word_1_151' title='bbox 275 2219 361 2249; x_wconf 69' lang='lat' dir='ltr'><strong>Eas-t</strong></span> <span class='ocrx_word' id='word_1_152' title='bbox 383 2219 518 2248; x_wconf 72' lang='lat' dir='ltr'><strong>windam</strong></span> <span class='ocrx_word' id='word_1_153' title='bbox 540 2220 578 2256; x_wconf 88' lang='lat' dir='ltr'><strong>⁰f</strong></span> <span class='ocrx_word' id='word_1_154' title='bbox 601 2218 715 2248; x_wconf 81' lang='lat' dir='ltr'><strong>Tower</strong></span> <span class='ocrx_word' id='word_1_155' title='bbox 740 2218 877 2259; x_wconf 81' lang='lat' dir='ltr'><strong>Temple</strong></span> <span class='ocrx_word' id='word_1_156' title='bbox 897 2219 1040 2258; x_wconf 71' lang='lat' dir='ltr'><strong>chun-1⁸,</strong></span> <span class='ocrx_word' id='word_1_157' title='bbox 1066 2218 1215 2249; x_wconf 80' lang='lat' dir='ltr'><strong>London.</strong></span> 
     </span>
    </p>
   </div>
  </div>
 </body>
</html>
