1740 2837
647 154 1077 202 -w—

216 268 414 330 scriptio
445 268 605 328 sponsi
639 267 908 327 (Christi),
938 279 1058 327 quae
1087 282 1116 312 a
1147 279 1317 327 sponsa
1352 268 1507 323 datur,

216 351 482 411 reperitur,
518 356 566 394 et
600 349 727 394 inter
759 350 857 394 alia·
887 362 1015 395 vers}-
1048 345 1103 393 10
1136 357 1184 394 et
1223 350 1301 394 lli
1444 335 1447 337 ¹

290 417 631 480 Dilectusimeus
668 440 870 480 candidus
899 443 938 479 et
964 440 1236 488 rubicundus,
1272 438 1429 478 electus
1457 453 1506 478 ex

289 513 464 552 milibus.
518 512 652 564 Caput
687 511 774 564 ejus
810 526 951 550 aurum
978 513 1184 563 optimum.
1238 512 1390 551 Comae
1418 511 1505 563 ejus

290 583 397 622 sicut
424 582 555 621 elatae
582 582 828 634 palmarum,
858 583 1000 636 nigrae
1031 584 1145 636 quasi
1173 597 1331 621 corvus.

208 665 369 711 Etiam
404 664 585 711 Genea.
617 666 706 720 49,
745 666 826 722 ll,
861 667 979 711 haec
1014 669 1260 726 legunturz

282 746 456 786 Lavabit
493 746 534 784 in
568 745 660 785 vino
696 746 843 785 stolam
880 760 994 785 suam
1032 752 1074 785 et
1108 747 1149 786 in
1177 746 1376 799 sanguine
1403 758 1503 783 uvae

283 817 448 869 pallium
476 831 604 856 suum.

205 902 398 949 Deinde
431 901 565 948 Esai.
598 900 682 958 63,
719 901 770 958 1,
802 902 856 948 2:

284 992 386 1037 Quis
413 999 478 1030 est
504 992 606 1040 iste,
644 992 712 1043 qui
739 993 849 1030 venit
876 992 927 1031 de
955 992 1109 1040 Edom,
1150 993 1289 1032 tinctis
1318 992 1499 1031 vestibus

282 1063 335 1103 de
370 1064 532 1103 Bosra?
585 1063 671 1102 Iste
708 1063 912 1103 formosus
952 1065 991 1103 in
1027 1064 1132 1104 stola
1170 1079 1265 1113 sua,
1302 1062 1496 1116 gradiens

278 1135 320 1173 in
371 1134 628 1192 multitudine
684 1135 936 1173 fortitudinis
985 1140 1114 1173 suae?
1161 1159 1212 1164 —
1289 1135 1382 1187 Ego
1430 1134 1497 1186 qui
1728 1129 1740 1174 l

280 1204 426 1257 loquor
446 1204 648 1257 justitiam
678 1210 719 1243 et
748 1212 1028 1257 propugnator
1057 1219 1145 1247 sum
1175 1205 1225 1248 ad
1248 1204 1496 1244 salvandum.

280 1276 417 1320 Quare
455 1289 556 1328 ergo
594 1276 760 1314 rubrum
789 1282 853 1314 est
880 1277 1161 1315 indumentum
1189 1282 1323 1324 tuum,
1362 1282 1403 1314 et
1431 1290 1499 1313 ve-

276 1347 467 1386 stimenta
495 1353 563 1385 tua
590 1347 697 1385 sicut
726 1346 966 1386 calcantium
997 1348 1036 1386 in
1065 1347 1341 1401 torcularium.

198 1432 431 1481 Groceum
475 1437 630 1475 autem
676 1431 1016 1487 rubicundum,
1061 1430 1196 1492 cujus
1237 1432 1413 1476 coloris
1445 1431 1495 1475 in

195 1515 383 1574 pictura
428 1520 587 1558 nostra
632 1514 825 1572 pallium
862 1514 1040 1559 Christi
1086 1521 1184 1568 esf,
1229 1521 1359 1558 certo
1395 1512 1493 1558 vini

196 1595 351 1641 colori⁴
382 1600 430 1639 et
472 1594 649 1640 nomini
694 1594 956 1639 rubicundi
987 1595 1306 1657 respondere,
1350 1595 1491 1639 facile

192 1677 496 1735 intelligitur.
1727 1719 1740 1746 N

315 1768 388 1812 Ad
447 1767 664 1812 biblicam
721 1767 1116 1827 significationem
1170 1768 1263 1813 albi
1317 1767 1489 1812 coloris
1738 1749 1740 1759 i

191 1849 310 1893 haec
345 1850 446 1893 loca
482 1849 734 1893 reserenda
772 1856 905 1894 sunt:

190 1942 388 2000 Apocal.
427 1940 507 1995 129,
539 1940 593 1995 S,
629 1941 705 1984 ubi
743 1942 803 1985 de
836 1956 1009 2000 sponsa
1043 1941 1149 1999 agni
1185 1941 1290 1986 dei:

266 2021 321 2059 Et
349 2021 486 2060 datum
515 2025 579 2058 est
607 2020 678 2068 illi,
706 2027 749 2060 ut
778 2021 989 2073 cooperiat
1006 2035 1051 2059 se
1070 2021 1235 2073 byssino
1255 2020 1487 2074 splendenti

268 2097 308 2130 et
336 2092 525 2131 candido.
579 2093 797 2145 Byssinum
817 2093 922 2131 enim
945 2093 1263 2145 justificationes
1283 2100 1376 2132 sunt
1395 2109 1486 2133 san-

267 2164 436 2203 ctorum.
702 2207 706 2210 ,
1474 2162 1477 2165 ’
1715 2210 1720 2229 ‹

190 2247 312 2291 Tum
348 2247 529 2306 Evang.
562 2247 683 2291 Luc.
717 2248 801 2302 23,
839 2249 917 2292 ll:

264 2326 430 2379 Sprevit
457 2332 589 2366 autem
619 2326 731 2366 illum
761 2326 1004 2377 (Christum)
1033 2328 1230 2366 Hnnom-:s
1259 2336 1349 2368 cum
1370 2343 1485 2369 exer-

213 2397 215 2400 ’
262 2397 346 2437 citu
374 2410 472 2447 suo,
500 2404 540 2437 et
568 2398 695 2437 illusit
723 2399 905 2437 indutum
935 2405 1050 2437 veste
1077 2399 1181 2438 alba.

184 2472 294 2519 Hoc
336 2473 445 2519 loco
482 2473 614 2518 color
656 2474 791 2520 albus
833 2475 1107 2537 majestatis
1139 2473 1480 2535 intelligendus

184 2562 286 2611 est,
322 2569 411 2614 qua
445 2554 666 2601 Christus
700 2557 1006 2602 illudebatur.
1502 2564 1520 2591 N
