1740 2837
626 191 685 198 -.
809 164 871 210 33
997 191 1053 198 -.

310 276 498 335 Modum,
533 292 623 336 quo
660 276 853 337 pallium
890 294 916 321 a
949 279 1057 322 latis
1081 263 1290 323 humeris
1315 279 1363 322 in
1384 284 1479 321 ter-

181 373 288 419 gum
335 359 531 414 defluit,
581 359 650 409 ita
695 344 746 403 ut
793 374 877 403 rex
923 360 1123 405 liberum
1171 368 1218 406 et
1260 366 1476 421 apertum

183 448 352 501 pectus
384 442 627 500 praebeat,
660 441 883 485 virtutem
918 449 966 485 et
998 441 1270 487 virilitatem
1299 442 1476 501 prodit,

184 537 384 582 quocum
421 523 565 567 rubor
599 521 951 582 faciei'optime
985 524 1235 568 consentit.

249 650 254 653 ,
298 603 578 654 Dolendum
622 612 720 658 est,
763 605 882 648 hanc
929 606 1174 663 imaginem
1222 620 1312 649 non
1358 605 1477 649 inte-

181 699 473 744 gramffiesse,
510 700 613 734 nam
647 685 788 730 etiam
823 686 941 743 quod
978 686 1148 731 attinet
1181 687 1237 731 ad
1274 688 1475 741 colores,

182 766 327 825 pallii1
373 768 563 818 rubrum
621 767 894 812 coccineum
940 774 988 811 et
1032 769 1164 813 color
1206 782 1474 827 purpureus

182 849 421 897 amborum
476 848 769 907 cingulorum
822 853 926 893 c'um
969 850 1063 894 levi
1109 850 1237 894 luteo
1282 849 1479 894 tunicae.

180 930 302 975 bene
336 924 589 975 consentit.

603 1081 655 1139 5)
727 1080 1061 1134 Technica.

303 1170 439 1233 Quod
466 1173 636 1218 attinet
654 1175 710 1219 ad
734 1189 1002 1235 compagem
1025 1174 1186 1218 harum
1210 1174 1471 1218 tabularum

179 1254 463 1311 vitrearum,
507 1256 664 1300 statim
701 1256 939 1311 videmus,
982 1255 1191 1314 singulas
1226 1255 1334 1299 vitri
1371 1270 1472 1314 par·

177 1336 462 1382 ticulas-ex
508 1339 817 1397 proportione
858 1352 1056 1397 parvas,
1114 1352 1198 1381 suo
1242 1351 1471 1395 quamque

178 1424 358 1477 partem
416 1419 575 1463 colore
632 1419 822 1477 penitus
878 1419 1099 1463 imbutam
1145 1433 1287 1461 esse..
1343 1418 1471 1476 Quin

180 1498 346 1553 etiam,
392 1499 471 1543 ubi
514 1500 774 1544 cohaerens
821 1499 1044 1558 planities
1082 1513 1172 1542 uno
1208 1499 1470 1556 eodemque

180 1580 339 1626 colore
375 1588 446 1624 est
484 1607 536 1612 —-
573 1581 703 1625 utin
741 1581 860 1625 'l'ab-
896 1582 917 1624 I
951 1581 1144 1640 pallium
1178 1579 1381 1624 Cams'n
1411 1603 1469 1611 ⁴-—

178 1666 334 1726 tamen
360 1688 364 1692 ·
390 1663 505 1707 haee
561 1663 783 1720 planities
824 1678 848 1705 e
894 1662 1215 1721 compluribus
1266 1661 1470 1719 particu-

178 1741 241 1808 lis·
274 1767 328 1773 —
373 1743 448 1791 hic
482 1744 669 1803 quidem
706 1759 730 1788 e
764 1751 964 1802 quatuor
994 1768 1056 1776 —-
1089 1742 1347 1802 compotita
1381 1749 1470 1786 est.

181 1809 397 1869 Taeniae
433 1826 703 1883 plumbeae,
746 1825 916 1883 quibus
950 1824 1134 1882 singula
1169 1822 1288 1866 vitra
1322 1823 1469 1867 inclu-

179 1905 356 1951 duntur
399 1912 453 1953 et,
490 1906 615 1952 inter
660 1922 711 1951 se
745 1908 1072 1964 continentur,
1116 1905 1266 1950 lineas
1300 1906 1470 1964 quibus

179 1986 393 2045 singulae
428 1994 587 2046 partes
615 1988 828 2047 picturae
856 1970 1170 2032 terminantur
1193 2001 1339 2043 usque
1362 2000 1472 2044 qua-

179 2083 268 2133 que
314 2076 591 2131 sequuntur.
665 2069 761 2132 Ubi
804 2077 960 2114 autem
999 2069 1246 2127 plumbeae
1283 2051 1487 2116 taeniae⁴

179 2155 361 2207 partem
407 2149 621 2208 picturae
669 2150 865 2208 oblique,
892 2155 1057 2194 secant
1095 2174 1146 2181 —
1185 2157 1244 2193 ut
1278 2149 1325 2193 in
1360 2149 1473 2194 dex-

179 2235 284 2276 tero
321 2231 469 2275 latere
505 2232 636 2290 pallii
672 2232 850 2290 figurae
887 2231 1007 2276 Tab.
1041 2229 1091 2275 11
1125 2258 1183 2262 -
1227 2246 1366 2275 causa
1402 2239 1476 2276 est

179 2311 281 2374 sine
327 2312 468 2357 dubio
514 2313 708 2360 fortuita
755 2314 930 2358 fractio
970 2296 1096 2359 vitri.
1172 2311 1227 2355 In
1273 2312 1475 2372 singulis

9 2414 13 2422 ·
93 2412 106 2418 ‘
178 2393 289 2439 vitri
323 2395 536 2454 partibus
571 2397 836 2457 designatio
873 2396 1067 2440 linearis
1101 2409 1192 2438 uno
1231 2394 1362 2439 fusco
1399 2411 1474 2439 co-

179 2475 291 2522 lore*
324 2476 584 2537 nigricante
629 2475 1035 2536 (Schwarzlbth)
1060 2492 1107 2534 ·e
1141 2475 1303 2534 cinere
1340 2475 1471 2535 cupri

140 2571 152 2578 ‘
178 2546 594 2618 (Knpferctsche)
652 2568 699 2603 et
742 2559 863 2603 vitro
908 2558 1126 2617 plumbeo
1170 2556 1480 2617 (Blev'glas)

1123 2644 1161 2685 C
