1740 2837
615 203 669 208 —
794 176 855 220 37ί
979 203 1036 210 .-

261 284 450 334 sedibus‚
479 292 519 325 et
548 286 586 324 in
615 285 802 337 campiS,.
819 286 858 324 in
886 286 1071 340 saphiro,
1098 286 1138 324 in
1164 285 1281 325 viridi
1307 291 1349 323 et
1366 285 1472 334 albo,

262 370 548 410 purpureoque
576 357 715 396 colone
738 357 861 396 claro.
905 357 1017 396 ‚Cum
1039 358 1187 397 feceris
1207 358 1367 409 priores
1386 370 1472 395 um·

263 428 356 465 bras
398 429 436 465 in
475 428 700 480 hujusmodi
740 428 1012 476 vestimentiS‚
1059 435 1099 466 et
1137 429 1273 466 siccae
1307 427 1471 475 fuerint,

264 499 456 552 quicquid
501 499 696 552 reliquum
738 507 801 539 est
847 500 959 550 vitri,
1005 501 1169 552 cooperi
1205 500 1282 539 levi
1318 500 1471 548 colore,

260 571 325 621 qui
363 585 440 608 non
477 571 530 608 sit
564 577 644 609 tam
681 571 832 610 densus
860 573 965 610 sicut
991 572 1170 614 secunda
1197 572 1361 618 umbra,
1396 584 1471 608 nee

260 645 340 679 tam
371 641 504 680 clarus
532 643 638 681 sicut
666 643 810 689 tertia,
838 643 911 681 sed
939 644 1045 681 inter
1066 643 1137 681 has
1159 642 1327 682 medius.
1381 642 1472 686 Quo

261 713 466 752 exsiccato
501 715 565 752 fac
599 728 689 752 cum
719 714 846 752 cauda
876 714 1037 765 pincelli
1058 713 1170 765 juxta
1199 714 1356 764 priores
1386 727 1472 752 um-

192 822 195 825 .
260 784 369 833 bras,
397 799 496 837 quas
519 785 692 833 feceras,
720 785 891 824 subtiles
913 791 1068 825 tractus
1087 799 1134 823 ex
1153 791 1322 837 utraque
1340 790 1470 836 parte,

258 855 314 893 ita
340 865 385 894 ut
413 857 519 895 inter
547 857 620 894 hos
650 863 803 894 tractus
833 863 874 895 et
901 858 1060 908 priores
1087 858 1250 895 umbras
1277 857 1385 894 illius
1414 856 1471 894 le-

258 925 345 965 vius
374 927 523 967 coloris
551 928 722 967 subtiles
758 934 913 967 tractus
942 933 1188 967 remaneant.
1238 928 1285 967 In
1312 927 1469 980 reliquo

258 1004 391 1037 autem
429 1000 493 1038 fac
530 1000 706 1038 circulos
741 1006 782 1038 et
818 1014 975 1048 ramos,
1015 1006 1056 1038 et
1093 1000 1132 1038 in
1173 991 1232 1037 eis
1270 1000 1393 1037 flores
1422 1013 1469 1037 ac

259 1069 355 1108 folia
382 1070 526 1109 eodem
558 1071 701 1119 modo,
738 1085 816 1123 quo
845 1072 945 1110 fiunt
973 1072 1014 1110 in
1043 1071 1188 1114 litteris
1217 1070 1357 1121 pictis,
1393 1069 1469 1109 sed

197 1190 199 1193 v
226 1178 228 1180 ,
258 1154 445 1193 campos,
482 1143 548 1195 qui
584 1142 790 1181 coloribus
824 1143 1044 1194 implentur
1071 1142 1110 1180 in
1137 1142 1309 1189 litteris,
1344 1140 1470 1179 debes

257 1212 298 1254 iu
343 1213 446 1252 vitro
480 1215 768 1269 ‘subtilissimis
812 1214 1053 1254 ramusculis
1090 1214 1274 1266 pingere.
1341 1213 1470 1251 Potes

258 1284 379 1322 etiam
416 1286 454 1324 in
484 1286 584 1337 ipsis
621 1286 786 1325 circulis
814 1286 1016 1325 interdum
1047 1285 1240 1324 bestiolas
1269 1291 1310 1324 et
1338 1285 1469 1325 avieoe

256 1355 316 1393 las
345 1362 385 1394 et
413 1358 654 1395 vermiculos
683 1372 731 1396 ac
760 1357 887 1395 nudas
915 1357 1116 1409 imagines
1144 1358 1340 1395 inserere.

180 1422 326 1472 Color
369 1444 586 1485 russeus,
642 1431 718 1489 qui
772 1432 817 1475 in
864 1431 1063 1488 picturis
1108 1430 1282 1473 nostris
1330 1429 1467 1473 nudis

182 1511 395 1569 corporis
439 1512 650 1569 partibus
695 1513 933 1556 adhibitus
969 1520 1066 1565 est,
1109 1511 1466 1569 antiquissimae

182 1586 370 1652 periodi
416 1592 531 1647 artis
573 1593 620 1636 in
665 1593 785 1636 vitro
821 1592 1043 1651 pingendi
1080 1592 1345 1650 proprietas
1380 1598 1467 1644 est,

181 1672 299 1743 quae
342 1674 548 1729 secunda
590 1674 787 1733 periodo
823 1681 1014 1734 prorsus
1045 1689 1193 1733 paene
1228 1673 1469 1718 evanescit

181 1758 228 1824 et
263 1756 398 1815 longo
433 1756 681 1800 interxallo
718 1762 822 1816 pust
854 1756 1024 1800 iterum
1060 1756 1314 1814 reperitur.

291 1822 449 1909 Cujus
505 1838 680 1883 coloris
734 1837 876 1882 sicuti
932 1837 1224 1882 diversorum
1268 1837 1467 1880 aliorum

180 1914 407 1977 graduum
463 1920 595 1975 rubri
649 1919 948 1980 praeparatio
1005 1934 1063 1964 ex
1105 1926 1238 1978 parte
1285 1934 1310 1963 e
1358 1933 1470 1963 casu

182 1994 445 2058 pendebat,
481 2009 532 2046 ut
566 2019 591 2046 e
625 2002 782 2046 verbis
818 1999 1094 2045 'Paeonum
1127 2007 1347 2059 apparet:

260 2090 360 2142 Cap.
391 2091 492 2138 VH,
529 2091 579 2130 de
608 2104 811 2143 purpureo
846 2092 959 2128 vitro.
1014 2090 1057 2129 Si
1086 2103 1182 2128 vero
1211 2088 1473 2142 perspexeris

258 2153 365 2215 quod
405 2175 451 2200 se
486 2162 592 2200 forte
632 2175 701 2200 vas
730 2161 891 2214 aliquod
926 2162 966 2200 in
991 2162 1142 2200 fulvum
1169 2162 1351 2201 colorem
1379 2175 1476 2200 con-

260 2224 409 2290 vertat,
439 2232 504 2285 qui
533 2233 644 2288 carni
673 2227 817 2271 similis
847 2240 931 2283 est,
968 2233 1046 2273 hoc
1075 2234 1220 2272 vitrum
1248 2247 1322 2286 pro
1352 2246 1476 2272 mem-

260 2287 381 2357 brana
420 2296 594 2355 habeto,
631 2310 672 2343 et
710 2305 899 2344 auferens
936 2306 1031 2345 inde
1066 2312 1256 2359 quantum
1283 2304 1477 2353 volueris,

255 2374 463 2429 ''reliq'u'uin
496 2386 745 2430 coque'per'
765 2378 866 2417 duas
894 2378 1039 2426 horas,
1078 2377 1271 2416 videlicet
1298 2391 1321 2415 a
1349 2378 1481 2429 prima

203 2496 205 2499 .
261 2461 389 2501 usque
426 2447 476 2485 ad
511 2449 672 2488 tertiam
709 2454 750 2486 et
778 2448 946 2498 habebis
975 2459 1220 2500 purpuream
1246 2448 1402 2498 levem,
1440 2453 1482 2485 et

264 2535 425 2560 rursum
462 2535 591 2573 coque
628 2535 649 2559 a
678 2510 798 2559 tertia
827 2534 955 2572 usque
984 2519 1034 2560 ad
1063 2526 1244 2577 sextam,
1283 2520 1363 2560 erit
1389 2533 1483 2572 pur-

263 2606 386 2643 purea
418 2593 500 2628 rusa
532 2599 572 2629 et
603 2592 796 2643 perfecta.
