1740 2837
672 152 733 158 -,
855 125 919 169 34
1043 152 1100 156 —

242 242 444 288 conflato
486 239 609 284 sacta
654 242 750 290 est,
794 235 871 294 qui
919 235 1098 279 urendo
1137 250 1241 280 cum
1275 234 1531 295 superficie

242 324 351 369 vitri
396 320 639 367 coalescit.
713 318 807 377 Qui
852 318 983 362 color
1028 317 1076 361 in
1122 312 1326 376 picturis
1359 317 1535 362 nostris

243 413 291 451 et
323 403 582 449 secundum
625 400 779 445 lineas
816 399 1057 444 adhibitus
1091 405 1164 444 est
1196 405 1245 443 et
1277 399 1343 444 ita
1376 405 1428 444 ut
1461 413 1535 443 ιιι·

243 486 467 548 perficies
511 482 622 527 vitri
666 482 789 544 alius
836 481 1011 526 coloris
1055 486 1153 526 tota
1197 481 1408 526 tenuiter
1446 481 1541 526 hoc*

243 571 402 614 colore
436 567 772 619 induceretur,
806 578 897 622 quo
931 563 1056 607 facto
1090 563 1200 607 vitri
1230 564 1361 608 color
1394 563 1536 623 nigri·

245 649 428 697 cantior
461 646 768 692 reddebatur.
832 644 884 689 Si
920 659 1032 689 vero
1066 645 1220 704 pictor
1243 671 1302 677 —
1335 645 1537 691 velutin

244 730 419 777 tabulis
468 728 644 773 nostris
689 727 735 771 in
783 726 987 781 litteris,
1031 726 1079 770 in
1123 726 1269 771 fundo
1313 724 1537 772 coeruleo

245 812 562 859 lucidioribus
592 808 845 854 frondibus
876 807 1155 863 internexo,
1189 808 1237 853 in
1272 808 1430 855 limbis
1464 823 1541 854 ve·

247 895 575 940 stimentorum
611 890 785 935 rosulis
819 888 1058 934 distinctis
1081 915 1143 921 —
1175 890 1409 935 lucidiora
1436 892 1540 936 loca

250 994 276 1022 e
324 976 480 1021 colore
536 972 798 1031 nigricante
852 986 1083 1031 apparere
1134 972 1347 1028 volebat,
1402 973 1540 1018 modo

248 1063 430 1102 tantum
477 1054 660 1099 inducti
706 1052 983 1110 nigricantis
1029 1053 1204 1097 coloris
1253 1044 1539 1107 (schwarzl

251 1139 379 1197 loth)
424 1136 645 1189 radebat,
689 1139 912 1192 quantum
957 1149 1075 1193 opus
1118 1140 1220 1179 erat
1252 1135 1308 1179 ad
1345 1136 1539 1182 fundum

250 1219 531 1265 lucidiorem
575 1215 939 1260 restituendum.
1016 1216 1152 1260 Haec
1198 1223 1353 1261 autem
1388 1216 1542 1263 omnia

251 1308 362 1347 sunt
415 1298 609 1360 propria
661 1297 905 1342 technice:
957 1297 1312 1356 antiquissimae
1355 1301 1542 1359 periodi

252 1384 369 1429 artis
411 1383 479 1427 in.
510 1380 633 1424 vitro
681 1378 924 1438 pingendi.
1011 1379 1147 1424 Haec
1189 1381 1409 1427 technice
1446 1381 1542 1443 jam

252 1466 443 1511 saeculo
477 1462 546 1508 XI
590 1462 904 1507 adhibebatur
948 1467 996 1507 et
1029 1476 1177 1522 usque
1211 1463 1267 1508 ad
1304 1465 1542 1511 saeculum

250 1547 363 1592 XIV
399 1546 728 1591 exercebatur.

374 1638 609 1682 Accurate
656 1635 874 1679 technice
920 1634 966 1678 in
1011 1635 1301 1680 fabricandis
1343 1636 1545 1696 picturis

251 1720 418 1785 vitreis
462 1717 702 1777 descripta
737 1723 809 1761 est
852 1731 876 1761 a
907 1716 1194 1763 'l'nssormno
1228 1718 1546 1765 Pansam-sao

254 1804 304 1848 in
334 1794 459 1847 libro
494 1800 673 1845 'saeculi
707 1799 777 1844 XI
811 1813 953 1858 supra
987 1808 1272 1846 memorato:
1313 1801 1548 1847 Diversa-

251 1900 359 1930 rum
405 1885 588 1929 artium
629 1879 865 1925 schedula
882 1881 943 1939 *).
1016 1881 1089 1926 Ad
1133 1882 1253 1928 hanc
1294 1884 1544 1930 technicen

250 1966 510 2027 praecipue
544 1968 761 2022 spect-ant
794 1963 910 2007 haec
944 1964 1075 2010 loca:

277 2062 279 2064 '
330 2057 431 2108 Cap.
468 2055 519 2094 de
553 2052 836 2105 componendis
859 2050 1072 2104 fenestris:
1108 2078 1161 2085 —-
1229 2055 1333 2095 Cum
1368 2052 1546 2095 volueris

327 2128 532 2167 fenestras
560 2135 808 2176 componere
838 2125 1010 2185 vitreas,
1037 2127 1212 2180 primum
1239 2124 1304 2167 fac'
1330 2128 1405 2167 tibi
1430 2127 1547 2167 tabu-

333 2304 361 2342 ·)
395 2302 492 2332 Liber
515 2299 692 2336 secundus;
724 2299 787 2329 vid.
811 2300 988 2332 Lamum
1015 2303 1151 2341 Werke,
1185 2301 1462 2343 herausgegeben
1482 2312 1546 2333 oon

251 2366 293 2397 K.
320 2365 543 2400 Lacunam,
567 2361 660 2393 Tom.
687 2363 743 2398 10,
766 2370 838 2401 pag.
862 2365 925 2394 39³
947 2373 1039 2402 sequ.
1084 2364 1178 2395 Cous.
1201 2365 1297 2395 etiam
1317 2363 1369 2395 M.
1394 2365 1433 2394 A.
1459 2363 1549 2394 Gn-

250 2437 362 2464 snar,
395 2423 590 2455 vesaniente
613 2423 671 2453 der
695 2423 936 2464 Glaematerea',
960 2427 1138 2468 Stuttgart
1160 2426 1229 2472 und
1255 2425 1435 2473 Τᾶὸίῃςειι
1458 2428 1548 2465 1839,

250 2499 322 2529 pag.
345 2490 387 2518 45
408 2481 495 2524 sequ.
520 2489 568 2515 et:
603 2485 784 2515 Wmmzu
811 2485 1112 2528 Wacnwacn,
1134 2487 1189 2519 die
1212 2486 1371 2519 deutsche
1395 2486 1549 2518 Glasma-

252 2549 350 2590 leto-⁶,
373 2548 518 2588 Leipzig
541 2550 641 2586 185⁵,
664 2547 694 2585 l,
718 2556 793 2588 pag.
817 2550 861 2580 49
883 2554 961 2589 sequ
1572 2535 1575 2538 Δ
