1740 2837
602 183 1029 227 „25-

171 296 359 356 quidem
407 296 467 340 iu.
502 294 697 355 palmite
730 294 915 355 ‘infimo'
948 309 1059 339 casu
1086 295 1468 353 'fortuito-sym-

172 379 356 439 plegma
389 378 531 423 trium
570 376 789 421 foliorum
825 377 1087 422 evanuisse.
1124 403 1179 409 -

298 491 456 535 Etiam
514 491 561 533 in
616 490 830 547 picturae
884 491 1071 534 nostrae
1117 490 1357 549 coloribus
1401 504 1471 533 ra-

180 573 335 616 tiones
377 571 664 630 symbolicae
699 577 808 614 sunt
840 572 1161 630 quaerendae,
1198 586 1471 641 quamquam

184 654 496 698 Tnssopmms
531 650 718 711 regulas
753 647 1089 708 determinatas
1124 653 1263 698 affert
1268 652 1339 712 *)‚
1373 653 1472 716 qui-

184 736 269 778 bus
305 720 488 778 color'es
523 739 684 795 essent
718 734 1055 793 componendi,
1091 726 1283 778 dicens}

261 835 420 873 Eodem
473 834 590 872 modo
636 835 762 872 facies
810 849 973 885 campos
1019 849 1068 872 ex
1100 835 1194 883 *albo
1234 798 1476 883 clarissimo,

266 905 379 957 cujus
417 905 548 956 campi
587 905 786 957 imagines
827 905 977 949 vesties
1007 919 1096 945 cum
1125 894 1478 958 saphir0‚1viridi‚

265 991 442 1029 purpura
489 983 530 1014 et
577 977 813 1015 rubicundo.
866 972 911 1015 In
950 979 1100 1029 campis
1127 970 1235 1017 ¹vero
1267 976 1419 1031 saphiri
1438 982 1480 1015 et

270 1048 387 1086 viridi
425 1048 575 1086 coloris
620 1047 763 1106 eodem
803 1047 944 1086 modo
958 1049 1153 1100 depictis,
1200 1055 1241 1088 et
1268 1041 1483 1102 rubicundi

271 1134 348 1158 non
380 1120 490 1171 picti,
518 1101 644 1158 ficies
674 1101 914 1158 vestimenta
944 1134 991 1158 ex
1019 1121 1110 1159 albo
1135 1121 1387 1170 clarissimo,
1399 1135 1483 1174 ⁹quo

270 1191 500 1229 vestimenti
528 1203 683 1251 genere
713 1190 863 1229 nullum
887 1192 1114 1242 speciosius
1135 1198 1210 1230 est.
1257 1192 1326 1231 Ex
1344 1206 1486 1245 supra-

267 1249 415 1301 'dictis
436 1261 578 1300 tribus
608 1263 813 1319 colonibus
852 1262 996 1314 pinges
1035 1263 1073 1300 in
1111 1263 1244 1302 limbis
1283 1266 1417 1303 ramos
1446 1270 1488 1302 et

272 1333 391 1382 folia,
418 1334 541 1372 flores
571 1338 611 1371 et
637 1332 788 1391 nodOS‚
818 1334 961 1371 ordine
989 1348 1070 1389 quo
1095 1349 1217 1385 supra
1246 1364 1443 1374 ......

274 1406 434 1443 Croceo
484 1404 585 1442 vitro
637 1414 714 1441 non
764 1404 929 1442 multum
976 1405 1101 1442 uteris
1151 1406 1191 1444 in
1237 1405 1488 1445 vestimentis

237 1469 240 1474 ’
277 1471 353 1515 nisi
381 1473 612 1515 incoronis
642 1481 683 1513 et
710 1475 748 1514 in
777 1472 837 1513 eis
865 1476 1231 1515 locisubizaurum
1257 1471 1489 1529 ponendum

258 1554 389 1588 ‘esset
416 1549 456 1586 in
485 1548 654 1599 pictura.

201 1653 360 1698 Etiam
403 1652 449 1697 iu
487 1659 644 1696 nostra
679 1652 862 1711 pictura
897 1652 1054 1696 tunica
1091 1653 1407 1698 alba-Christi
1444 1652 1492 1698 in

203 1738 426 1781 coeruleo
460 1736 606 1779 fundo
647 1735 795 1793 posita
833 1742 920 1789 est,
950 1742 996 1778 et
1030 1750 1247 1779 croceum
1275 1736 1493 1780 rubicun-

207 1817 315 1861 dum
362 1807 492 1875 pallii
539 1830 596 1860 ex
642 1816 727 1860 hac
768 1817 929 1875 regula
963 1817 1067 1859 albo
1103 1817 1367 1875 oppositum
1405 1824 1492 1861 est.

206 1898 526 1943 Nihilominus
582 1897 659 1941 hic
718 1897 763 1940 in
813 1898 1046 1956 eligendis
1090 1897 1327 1940 coloribus
1373 1899 1494 1941 aliae

205 1981 415 2025 rationes
460 1980 508 2023 in
554 1979 982 2024 considerationem
1029 1979 1249 2022 videntur
1293 1980 1496 2023 venisse.

257 2118 263 2120 -
328 2091 444 2136 Nam
492 2091 538 2136 in
578 2091 836 2150 supradicti
874 2090 1055 2135 Cantic.
1091 2090 1261 2134 cantic.
1306 2081 1407 2152 cap.
1441 2092 1499 2148 V,

212 2189 270 2218 ex
305 2189 394 2232 quo
430 2174 570 2216 verba
599 2173 772 2216 fasciae
804 2172 1033 2232 inscripta
1058 2179 1243 2232 sumpta
1269 2182 1392 2230 sunt,
1425 2175 1505 2219 de-

293 2355 322 2395 ⁸)
346 2354 437 2386 Conf.
461 2353 644 2385 Tuxoefflm
659 2355 869 2386 Pnusnwrssm
891 2355 1080 2386 diversarum
1099 2356 1207 2385 artium
1226 2353 1375 2386 schedula
1400 2357 1506 2394 (Lm—

213 2429 317 2450 ,νικας
356 2417 489 2452 Werke,
523 2415 723 2457 herausgeg.
757 2429 820 2447 von
854 2418 890 2448 K.
919 2417 1130 2453 Lachmann,
1163 2416 1231 2445 Vol.
1260 2417 1308 2456 X,
1341 2429 1412 2458 pag.
1435 2423 1507 2458 401,

217 2491 284 2520 cap.
316 2479 355 2509 de
385 2479 492 2517 furno,
522 2480 551 2509 in
584 2489 647 2518 qno
680 2481 787 2509 vitrum
821 2480 988 2517 coquitur).
1020 2493 1054 2500 —
1102 2479 1170 2507 Hoc
1200 2482 1442 2519 manuscriptum
1470 2483 1507 2521 iis

215 2542 410 2581 temporibus
443 2542 596 2578 originem
619 2540 729 2578 debet,
762 2550 840 2578 quae
871 2540 908 2569 ad
932 2540 1069 2578 picturas
1092 2542 1215 2569 nostras
1232 2540 1418 2578 judicandas
1440 2526 1511 2573 sunt

216 2602 432 2643 respicienda,
455 2603 577 2631 scilicet
598 2603 716 2632 saecun
739 2602 792 2631 Xl.
