1740 2837
648 190 1079 236 -ῃ-

343 303 532 349 Deinde
579 305 712 349 color
753 304 886 348 albus
931 305 1194 363 symbolum
1240 303 1416 365 integri
1460 310 1512 349 et

219 384 487 430 innocentis
519 385 687 440 animi,
719 384 1003 430 Ecclesiast.
1033 385 1089 441 9,
1117 386 1179 431 8:

296 474 418 513 Omni
445 480 631 526 tempore
660 474 741 513 sint
769 474 1010 514 vestimenta
1037 479 1105 514 tua
1132 475 1317 515 candida.

219 565 542 611 Gravissimus
576 572 730 610 autem
765 572 839 610 est
870 566 954 611 ille
987 567 1120 611 locus
1151 568 1321 611 Matth.
1358 567 1430 624 17,
1463 568 1508 624 2,

218 648 299 692 ubi
334 647 393 692 de
428 647 618 692 Christo
653 648 859 692 dicitur:

295 742 337 775 et
372 736 627 788 resplenduit
660 736 786 775 facies
815 736 900 789 ejus
928 737 1034 775 sicut
1061 735 1145 785 sol,
1172 736 1415 776 vestimenta
1441 750 1511 777 au-

294 814 376 847 tem
405 808 492 861 ejus
520 808 626 847 facta
653 815 747 847 sunt
774 808 864 847 alba
891 808 997 847 sicut
1025 808 1102 847 nix.

219 892 373 951 Quum
409 907 521 936 vero
557 892 773 936 Christus
805 891 1168 951 glorificatus'in
1190 892 1323 936 coelo
1345 892 1513 938 sedent

219 990 346 1018 suam
382 975 566 1029 habeat,
600 975 774 1019 fundus
805 975 1062 1018 coeruleus·
1080 973 1295 1033 picturae
1317 981 1515 1020 nostrae*

219 1054 343 1098 cirea
378 1054 669 1099 salvatorem
706 1071 789 1114 pro
824 1055 957 1099 coelo
980 1054 1225 1098 habendus
1247 1061 1334 1098 est.
1398 1055 1508 1115 Ipse

219 1151 331 1181 vero
376 1136 594 1181 Salvator
637 1136 932 1181 vestimentis
973 1135 1093 1180 albis
1143 1142 1191 1179 et
1224 1137 1511 1182 rubicundo-

220 1217 403 1262 croceis
448 1217 673 1274 indutus,
728 1217 896 1262 similis
944 1223 1017 1261 est
1059 1218 1253 1273 stellae,
1299 1234 1417 1277 quae
1461 1219 1512 1264 in

218 1300 442 1345 coeruleo
473 1300 606 1343 coelo
642 1300 805 1358 fulget.
870 1298 1015 1343 Gelon
1049 1305 1203 1342 autem
1234 1300 1403 1355 ruber,
1431 1302 1516 1345 fla«

218 1395 359 1440 grans
383 1386 432 1424 et
451 1380 638 1424 lucidus
662 1379 793 1440 quasi
819 1394 989 1424 aurora
1016 1379 1211 1424 fundum
1236 1382 1510 1427 coeruleum

221 1459 361 1522 hujus
395 1462 518 1506 coeli
552 1462 713 1521 cingit.

343 1564 431 1609 Cui
467 1561 601 1608 'nunc
650 1579 739 1608 non
784 1564 833 1608 in
881 1569 1081 1607 mentem
1126 1563 1323 1621 veniunt
1369 1566 1514 1609 verba

222 1645 400 1690 Christi
449 1646 507 1690 de
553 1661 603 1689 se
648 1646 750 1705 ipso
786 1644 1016 1689 dicentis:
1081 1645 1275 1705 Apocal.
1310 1645 1394 1700 22,
1433 1645 1513 1691 16:

296 1736 389 1788 Ego
417 1749 502 1773 sum
529 1749 656 1786 genus
685 1738 724 1774 et
749 1735 871 1773 radix
901 1734 1054 1782 David,
1082 1735 1203 1773 stella
1232 1735 1447 1786 splendida
1474 1738 1514 1774 et

297 1807 532 1846 matutina?

224 1890 358 1950 Quae
394 1891 534 1934 verba
571 1889 671 1949 ipsa
707 1889 859 1934 animo
895 1890 1093 1934 artificis
1128 1889 1175 1933 in
1198 1890 1410 1949 picturae
1434 1905 1512 1933 no-

221 1980 348 2016 strae
384 1971 725 2030 compositione
764 1973 1011 2024 obversata
1045 1987 1150 2015 esse
1187 1972 1422 2015 videntur.

342 2072 399 2116 In
447 2071 667 2131 majorem
716 2080 872 2117 autem
918 2071 1309 2131 glorificationem
1356 2072 1516 2116 Salva-

226 2152 369 2208 toris,
405 2152 451 2196 in
488 2154 677 2197 fasciam
713 2168 846 2211 quam
881 2153 959 2207 hic
992 2167 1137 2196 manu
1159 2160 1297 2197 tenet
1331 2154 1518 2198 addidit

224 2237 367 2280 verba
401 2250 458 2279 ex
494 2235 675 2279 Cantic.
710 2235 880 2280 cantic.
912 2235 974 2291 2,
1012 2235 1061 2280 l:

229 2345 232 2351 ’
301 2335 395 2388 Ego
409 2335 500 2387 fl⁰⁸
526 2337 661 2389 campi
685 2338 725 2375 et
751 2337 880 2376 lilium
906 2337 1155 2375 convallium.

344 2420 582 2479 Denique,
615 2421 706 2466 fuit
734 2422 811 2466 hic
835 2421 987 2479 imago
1012 2435 1100 2463 non
1127 2419 1398 2476 singularis,
1432 2421 1515 2464 sed

226 2508 277 2546 ut
319 2501 468 2547 caulis
502 2503 685 2548 arboris
729 2503 955 2548 deorsum
986 2516 1132 2560 usq-ue
1168 2501 1230 2545 ad'
1263 2502 1515 2561 marginem

229 2584 443 2643 picturae
464 2585 710 2644 pertinens
727 2585 1034 2638 demonstrat,
1057 2598 1233 2628 summa
1255 2599 1362 2642 pars
1382 2586 1426 2628 in
1449 2600 1516 2628 re·
