1740 2837
603 190 608 198 .

610 209 672 217 —
794 184 855 229 43
977 211 1037 219 —-

554 294 632 355 10)
695 295 787 341 De
819 298 1093 357 artifice.

295 385 452 439 Etiam
502 387 560 432 de
602 387 785 433 artifice
831 388 949 439 nihil
993 389 1113 435 certi
1156 389 1251 435 dici
1287 394 1460 450 potest.

174 466 354 527 Utique
398 468 523 512 intra
569 483 724 512 muros
774 471 1043 514 monasterii
1089 471 1289 531 alicujus
1322 487 1461 531 quae-

173 550 351 594 rendus
384 559 470 594 est.
534 549 650 595 Nam
684 551 767 596 illo
790 558 1003 612 tempore
1024 569 1098 597 ars
1120 553 1345 613 pingendi
1367 568 1460 599 non

173 630 265 675 nisi
300 646 325 675 a
355 632 594 676 monachis
629 634 890 678 colebatur.
952 634 1253 680 Exercitium
1288 635 1460 680 artium

172 714 411 758 monachis
459 714 641 759 ordinis
675 715 725 760 S.
758 715 1014 762 Benedicti
1049 717 1166 762 adeo
1197 717 1461 777 praescrip·

168 799 265 839 tum
306 804 435 852 erat,
471 803 520 841 ut
555 798 725 856 regula·
752 797 802 841 S.
835 798 1089 844 Benedicti
1111 799 1265 855 docet,
1299 799 1350 843 in
1369 813 1460 858 qua

166 876 283 922 haec
316 881 458 923 verba
491 886 626 923 sunt:
756 860 758 864 7

244 977 343 1031 Cap.
372 979 423 1018 48
475 979 673 1018 otiositas
704 970 864 1019 inimice
893 985 956 1019 est
983 980 1153 1029 animae,
1181 986 1223 1040 et
1249 980 1342 1020 ideo
1369 995 1457 1021 cer-

242 1050 295 1089 tis
343 1052 596 1103 temporibus
636 1052 828 1103 occupari
869 1052 1021 1090 debent
1055 1052 1205 1091 fratres
1242 1053 1282 1091 in
1315 1052 1455 1092 labore

240 1135 422 1171 manum,
452 1123 576 1161 certis
605 1123 751 1161 iterum
779 1123 890 1162 horis
919 1124 958 1162 in
988 1124 1162 1162 lectione
1190 1123 1337 1163 divina.

318 1195 418 1247 Gap.
452 1195 514 1233 57.
574 1194 765 1234 Artifices
800 1195 834 1233 si
872 1200 965 1233 sunt
999 1195 1038 1234 in
1078 1195 1325 1236 monasterio
1360 1209 1452 1241 cum

237 1267 345 1305 omni
384 1267 608 1307 humilitate
647 1267 798 1306 faciant
833 1267 943 1318 ipsas
981 1273 1114 1316 artes,
1150 1268 1185 1305 si
1221 1268 1452 1320 permiserit

235 1338 384 1376 Abbas.

160 1431 382 1476 Nostrum
427 1431 655 1475 artificem
704 1431 1044 1490 peritissimum
1095 1431 1451 1489 eteruditissi-

160 1529 283 1558 mum
318 1513 493 1568 fuisse,
529 1527 589 1557 ex
624 1513 785 1558 indole
820 1513 979 1572 operis
1012 1519 1222 1573 apparet.

163 1667 244 1728 ll)
317 1664 574 1726 Quomodo
629 1664 804 1710 ambae
848 1671 1047 1710 nostrae
1070 1665 1302 1724 picturae
1333 1665 1452 1709 vitri

278 1749 340 1793 ab
377 1750 491 1792 aliis
523 1751 819 1808 germanicis
852 1750 1045 1793 coaevis
1077 1746 1331 1807 dfferant.

251 1840 624 1900 Antiquissimae
649 1848 785 1886 notae
807 1840 915 1885 vitri
943 1841 1158 1900 picturae
1173 1837 1214 1897 *)
1236 1838 1284 1882 in
1302 1838 1445 1883 choro

160 1923 393 1967 ecclesiae
428 1923 714 1966 cathedralis
748 1924 1064 1981 Augustanae‚
1101 1920 1354 1964 nonnullae
1374 1935 1447 1964 re·

160 2006 333 2064 liquiae
368 2005 429 2053 in¹
452 2004 669 2049 ecclesiis
703 2003 1060 2062 Guestphalicis
1094 2001 1292 2061 (Susati,
1323 2001 1447 2062 Leg-

159 2085 297 2145 den),
332 2092 379 2129 et
413 2086 616 2144 quinque
654 2086 889 2128 fenestrae
923 2084 970 2128 in
995 2083 1197 2136 ecclesia
1221 2083 1271 2128 S.
1292 2083 1448 2129 Kuni-

159 2168 283 2213 berti
318 2167 591 2222 Coloniensi
629 2172 954 2212 numerantur.

186 2264 189 2267 ’
250 2251 852 2317 ·Picturas.Au'gus'tanas,
886 2273 1001 2317 quas
1027 2272 1186 2317 nuper
1219 2257 1332 2314 vidi,
1367 2273 1446 2303 no-

129 2351 283 2387 ·strae
327 2338 504 2400 majore
548 2341 757 2388 colorum
803 2340 973 2385 ardore
1007 2345 1261 2399 superant,
1305 2339 1444 2383 eliam

241 2483 267 2523 ³)
293 2483 385 2515 Conf.
409 2483 557 2513 Κυσιιειι
572 2505 580 2520 ,
604 2481 802 2522 angemeiue
827 2479 1140 2520 Kunstgeschae'chte,
1163 2481 1218 2509 322
1242 2478 1325 2516 Aust.
1350 2477 1441 2508 Tom.

156 2545 191 2584 n,
214 2552 286 2586 pag.
309 2548 389 2582 2893
420 2549 468 2574 et:
502 2545 668 2581 Kouma-n,
694 2542 810 2573 θαι-11.
834 2544 892 2573 der
915 2543 1080 2579 Maeni,
1105 2545 1160 2572 ‘lte
1182 2540 1280 2578 Aust„
1305 2539 1397 2569 Tum.
1422 2539 1442 2577 l,

155 2617 230 2647 pag.
254 2610 334 2642 175;
359 2610 407 2635 ett
443 2606 721 2635 Wacnnnmm
736 2626 745 2642 ‚
768 2605 821 2634 die
845 2605 1000 2636 dmuclze
1025 2601 1267 2639 Glasmalerei,
1290 2602 1318 2638 l,
1342 2611 1371 2640 p.
1394 2604 1442 2629 δι.
