1740 2837
643 188 702 195 .-..
833 161 892 214 19
1015 185 1078 197 ..⁶-

290 277 461 326 prorsus
481 277 546 312 est
566 270 847 325 reprehensio,
876 271 1041 310 barbam
1062 271 1216 312 babens
1229 273 1445 326 copiosam
1463 279 1506 312 et

289 344 466 392 rubram,
494 342 734 394 capillorum
762 342 916 392 colore,
944 356 1024 380 non
1049 343 1211 396 longam
1232 344 1308 382 sed
1330 344 1506 383 bifurca-

288 417 383 461 tam,
412 412 541 452 oculis
569 411 692 450 variis
720 416 763 450 et
789 410 911 451 claris
940 413 1221 463 existentibus,
1249 414 1289 453 in
1316 414 1503 467 increpa-

288 485 399 523 tione
427 482 637 531 terribilis,
666 483 707 521 in
734 483 1010 522 admonitione
1037 485 1222 536 placidus
1241 491 1282 524 et
1303 485 1503 534 amabilis,

288 554 450 595 hilarisv
474 557 636 593 servata
672 552 895 607 gravitate,
938 555 1005 609 qui
1043 569 1259 611 numquam
1293 556 1403 596 visus
1438 562 1503 597 est

286 625 445 673 ridere,
472 621 573 663 flere
601 630 736 662 autem
763 638 887 676 saepe
915 632 994 665 ete.

213 708 353 755 Alter
377 707 648 777 ‘deformior
688 713 832 768 typus
865 707 1036 755 nititur
1066 708 1199 755 Esai.
1230 710 1274 767 2,
1307 709 1391 767 14,
1428 709 1500 767 15,

204 791 393 836 verbise
929 799 932 802 ·

284 880 391 920 sicut
426 879 725 930 obstupuerunt
760 891 885 931 super
917 892 1011 918 eum
1039 879 1173 929 multi,
1209 880 1269 920 sic
1297 880 1498 933 inglorius

284 951 363 999 erit
399 950 506 988 iuter
541 949 650 987 viros
688 955 880 1000 aspectus
908 950 1017 1002 ejus,
1054 957 1095 989 et
1120 952 1248 989 forma
1276 951 1365 1003 ejus
1392 952 1500 990 inier

283 1021 391 1061 filios
420 1020 636 1060 hominum.
687 1020 774 1059 Iste
794 1028 998 1074 'asperget
1021 1027 1170 1075 'gentes
1198 1023 1345 1062 multas
1372 1028 1451 1062 etc.

0 1047 3 1076 Ι

0 1083 11 1182 i
208 1111 256 1152 et
286 1105 420 1150 Esai.
454 1104 536 1159 53,
568 1104 622 1158 2,
655 1104 709 1149 32

251 1207 255 1214 ·
280 1186 337 1225 Et
364 1183 550 1224 ascendit
577 1183 684 1222 sicut
710 1183 929 1236 virgultum
947 1198 1084 1224 coram
1108 1199 1172 1234 eo,
1201 1191 1242 1224 et
1259 1186 1366 1225 sicut
1384 1185 1498 1225 radix

283 1258 335 1297 de
372 1263 484 1296 terra
511 1255 678 1294 sitienti.
731 1256 824 1295 Non
853 1262 917 1294 est
944 1257 1105 1308 species
1134 1258 1172 1295 ei
1201 1271 1331 1309 neque
1359 1257 1497 1302 decor.

282 1329 338 1368 Et
367 1328 537 1366 vidimus
565 1340 680 1375 eum,
721 1332 763 1365 et
791 1340 871 1365 non
899 1333 987 1365 erat
1013 1330 1229 1379 aspectuS‚
1267 1333 1309 1365 et
1335 1327 1495 1366 deside·

284 1398 459 1438 ravimus
505 1410 594 1435 eum
640 1396 879 1449 despectum
925 1403 967 1436 et
1011 1398 1272 1436 novissimum
1308 1399 1498 1447 virorum,

285 1469 412 1508 virum
453 1467 638 1507 dolorum
669 1473 710 1506 et
736 1467 934 1506 scientem
962 1467 1248 1507 infirmitatem.
1301 1469 1356 1508 Et
1383 1468 1498 1522 quasi

227 1543 238 1555 '
285 1539 549 1580 absconditus
571 1539 703 1578 vultus
724 1538 876 1592 ejuset
895 1538 1132 1590 despectus,
1157 1539 1265 1579 unde
1287 1554 1362 1580 nec
1379 1554 1499 1594 repu-

284 1611 455 1651 tavimus
483 1625 588 1649 eum.

207 1695 367 1741 Etiam
410 1695 634 1740 clamans
669 1696 1043 1740 Annxnmnmus
1067 1694 1109 1754 *)
1150 1696 1267 1740 haec
1300 1695 1501 1756 respicit

210 1777 399 1822 dicens=

290 1866 373 1906 Τὸν
411 1866 454 1904 δὲ
489 1869 634 1916 κύριον
673 1865 798 1904 αὐτὸν
835 1866 910 1916 τὴν
939 1865 1041 1914 ὄψιν
1071 1865 1244 1916 αἰσχρὸν
1273 1866 1501 1915 γεγονέναι,

288 1937 355 1976 διὰ
386 1937 558 1976 ‘Hoatov
598 1938 643 1976 τὸ
674 1941 827 1986 πνεῦμα
862 1941 1083 1986 μαρτυρεῖ,
1132 1938 1199 1974 καὶ
1234 1938 1293 1978 τίς
1332 1934 1501 1986 ἀμείνων

288 2009 460 2058 κυρίου·
496 2005 582 2045 ἀλλ’
624 2007 671 2045 οὐ
709 2008 755 2045 τὸ
793 2008 943 2049 κάλλος
971 2009 1042 2057 τὴς
1071 2009 1243 2058 σαρκὸς,
1281 2008 1326 2045 τὸ
1355 2022 1505 2057 φαντα-

289 2080 517 2117 σιαστικὸν.
581 2079 638 2117 Τὸ
664 2079 710 2116 δὲ
739 2076 943 2127 ἀληθινὸν
972 2080 1039 2117 καὶ
1067 2084 1138 2128 τῆς
1166 2085 1308 2129 ψυχῆς
1337 2080 1405 2117 καὶ
1432 2083 1506 2118 τοῦ

289 2151 469 2199 σώματος
498 2149 725 2194 ἐνεδείξατο
755 2150 927 2197 κάλλος,
957 2155 1028 2199 τῆς
1054 2151 1127 2200 μὲν
1157 2151 1202 2189 τὸ
1232 2151 1508 2202 εὐεργετικὸν,

288 2220 333 2258 τὸ
363 2220 406 2258 δὲ
432 2218 644 2259 ἀθάνατον
671 2223 743 2269 τῆς
773 2220 935 2271 σαρκὸς.

216 2303 274 2349 In
307 2302 486 2348 ultimis
519 2300 660 2363 hujus
692 2303 786 2348 loci
820 2302 977 2347 verbis
1012 2303 1070 2347 ad
1103 2303 1187 2347 hos
1222 2303 1341 2348 duos
1366 2309 1508 2363 typos

174 2394 184 2397 ”
215 2384 541 2430 conciliandos
575 2384 651 2430 via
684 2384 865 2429 munita
899 2392 987 2429 est.
1021 2408 1082 2416 -

297 2569 326 2608 ⁸)
349 2570 453 2600 Casu.
478 2571 577 2599 ALRX.
599 2569 739 2610 paedag.
761 2570 818 2609 lu,
840 2580 866 2600 c.
892 2573 919 2600 Ι.

1142 2632 1179 2673 Β
1201 2634 1227 2659 ’Ν-
