1740 2837
623 208 685 215 -
809 181 869 226 35
994 206 1053 212 -

269 296 349 336 lam
376 295 555 348 ligneam
581 291 793 346 aequalem
823 297 959 331 tantae
987 290 1211 332 latitudinis
1239 301 1280 333 et
1306 293 1482 347 longitu-

272 368 404 416 dinis,
430 372 475 406 ut
501 366 637 419 possis
665 363 784 404 unius
811 362 1004 416 cujusque
1030 363 1235 406 fenestrae
1262 366 1363 408 duas
1392 380 1483 419 par-

270 446 335 480 tes
362 440 403 479 in
432 453 480 477 ea
507 437 693 490 operari,
721 441 763 475 et
788 436 995 488 accipiens
1021 442 1174 477 cretam
1193 443 1315 490 atque
1333 438 1483 478 radens

272 509 567 552 cumcultello
602 522 677 560 per
710 513 837 547 totam
869 508 1068 557 tabulam,
1102 522 1278 562 asperge
1306 510 1486 562 desuper

272 597 416 636 aquam
453 594 527 633 per
560 580 715 630 omnia,
752 586 793 619 et
827 581 927 619 frica
965 594 1054 619 cum
1084 594 1214 632 panno
1243 595 1317 632 per
1342 587 1484 621 totum.

272 654 457 705 Cumque
484 652 639 691 siccata
664 651 804 698 fuerit,
833 651 973 703 accipe
1002 665 1230 691 mensuram
1255 653 1372 692 unius
1392 667 1484 706 par-

272 726 325 765 tis
353 725 395 764 in
420 724 602 764 fenestra
627 722 922 775 longitudinem
948 729 989 761 et
1006 723 1280 772 latitudinem,
1309 726 1483 777 pingens

273 810 363 836 eam
404 796 446 835 in
482 781 618 834 tabula
652 795 796 848 regula
832 800 874 834 et
908 795 1062 834 circino
1100 809 1191 834 cum
1228 796 1392 847 plumbo
1421 797 1483 835 vel

272 874 435 921 stagno,
462 873 504 907 et
530 868 565 907 si
584 867 644 907 vis
673 867 838 906 limbum
860 866 900 905 in
919 880 968 905 ea
990 866 1155 913 habere,
1184 868 1374 918 pertrahe
1392 882 1483 908 cum

272 940 485 979 latitudine
514 954 592 992 qua
617 939 691 977 tibi
720 938 938 990 placuerit,
966 944 1007 976 et
1035 952 1160 989 opere
1188 953 1266 991 quo
1295 940 1483 978 volneris.

272 1013 363 1057 Quo
397 1012 505 1051 facto
542 1009 732 1062 pertrahe
769 1010 969 1062 imagines
1008 1015 1105 1062 quot
1132 1010 1308 1048 volueris
1337 1011 1378 1050 in
1405 1012 1487 1063 pri-

272 1084 348 1123 mis
383 1083 548 1135 plumbo
587 1081 651 1119 vel
686 1088 855 1132 stagno,
892 1068 1033 1132 sicque
1072 1082 1197 1120 rubeo
1236 1081 1374 1121 colore
1402 1083 1486 1121 sive

271 1155 414 1207 nigro,
441 1153 597 1193 faciens
626 1166 768 1192 omnes
796 1157 952 1191 tractus
980 1151 1187 1202 studiose,
1227 1153 1319 1206 quia
1346 1167 1488 1193 neces-

271 1227 423 1266 sarium
461 1226 539 1264 erit
575 1238 666 1263 cum
704 1225 848 1263 vitrum
878 1224 1080 1275 pinxeris,
1115 1229 1159 1262 ut
1184 1224 1405 1263 secundam
1431 1230 1491 1263 ta-

271 1298 407 1338 bulam
445 1295 697 1349 conjungens
735 1295 898 1334 umbras
935 1300 977 1334 et
1005 1295 1165 1334 lumina.
1218 1296 1379 1335 Deinde
1407 1297 1490 1336 dis-

271 1383 428 1422 ponens
466 1368 684 1407 varietates
720 1367 1076 1421 vestimentorum,
1115 1374 1207 1406 nota
1236 1369 1489 1421 uniuscujus-

272 1454 352 1494 que
380 1439 561 1479 colorem
589 1439 629 1478 in
657 1453 731 1477 suo
758 1438 873 1486 loco,
901 1444 943 1477 et
971 1437 1079 1478 aliud
1100 1439 1382 1493 quodcumque
1403 1441 1489 1492 pin-

272 1527 374 1566 gere
410 1511 587 1552 volueris
623 1511 759 1550 littera
793 1510 972 1550 colorem
1008 1511 1203 1564 signabis.
1257 1512 1361 1552 Post
1389 1513 1488 1552 haec

271 1585 413 1635 accipe
441 1582 647 1621 vasculum
674 1582 926 1633 plumbeum,
955 1588 996 1620 et
1023 1583 1187 1621 mittens
1208 1584 1247 1621 in
1267 1597 1316 1624 eo
1333 1590 1488 1623 cretam

274 1670 366 1695 eum
400 1668 503 1707 aqua
539 1653 698 1702 tritam,
734 1654 798 1692 fac
834 1654 906 1692 tibi
945 1654 1142 1705 pincellos
1181 1655 1284 1694 duos
1312 1655 1374 1695 vel
1401 1662 1488 1695 tres

276 1742 327 1767 ex
353 1726 462 1781 pilo,
496 1724 687 1764 videlicet
714 1724 766 1763 de
795 1724 924 1764 cauda
953 1725 1105 1775 mardi,
1143 1726 1228 1765 sive
1256 1727 1397 1779 grisii,
1426 1728 1489 1766 vel

275 1798 455 1853 spirioli,
493 1804 562 1837 aut
595 1797 715 1845 catti,
749 1798 835 1836 sive
871 1796 923 1836 de
958 1812 1073 1838 coma
1109 1799 1233 1848 asini;
1271 1805 1313 1840 et
1348 1801 1490 1853 accipe

275 1885 395 1911 unam
442 1876 598 1923 partem
643 1870 735 1909 vitri
773 1869 1058 1923 cujuscumque
1098 1871 1264 1924 generis
1300 1872 1490 1923 volueris,

275 1957 379 1997 quae
416 1956 467 1981 ex
495 1942 604 1981 omni
632 1947 747 1993 parte
776 1941 903 1994 major
930 1943 983 1981 sit
1009 1942 1100 1981 loco
1129 1943 1168 1981 in
1196 1957 1275 1995 quo
1304 1944 1490 1995 ponenda

278 2021 362 2064 ent,
391 2014 590 2054 adhibens
618 2026 708 2052 eam
735 2027 879 2064 campo
907 2014 1035 2065 ipsius
1062 2014 1164 2062 loci,
1195 2021 1236 2054 et
1262 2016 1369 2054 sicut
1397 2030 1493 2055 con-

276 2085 526 2130 sideraveris
563 2090 718 2123 tractus
751 2084 793 2123 in
831 2084 969 2123 tabula
1011 2098 1086 2142 per
1122 2086 1298 2125 medium
1333 2088 1494 2137 vitrum,

276 2157 334 2197 ita
360 2156 553 2210 pertrahe
580 2170 669 2196 cum
702 2160 815 2195 creta
842 2169 966 2208 super
993 2156 1139 2197 vitrum
1167 2160 1395 2200 exteriores
1412 2167 1498 2201 tra-

279 2234 370 2269 ctus
407 2234 585 2277 tantum,
627 2233 668 2266 et
695 2228 730 2266 si
768 2227 913 2266 vitrum
954 2228 1053 2267 illud
1067 2220 1260 2270 'densum
1286 2233 1408 2271 suerit
1435 2235 1497 2273 sic

280 2306 325 2340 ut
352 2314 433 2340 non
460 2300 596 2353 possis
624 2299 862 2352 perspicere
889 2306 1045 2341 tractus
1073 2302 1139 2355 qui
1167 2309 1260 2341 sunt
1288 2304 1328 2343 in
1345 2305 1497 2354 tabula,

220 2374 223 2380 '
282 2373 489 2425 accipiens
517 2372 652 2411 album
677 2371 825 2411 vitrum
853 2373 1045 2424 pertrahe
1072 2388 1196 2425 super
1216 2388 1333 2425 eum,
1359 2379 1497 2429 utique

283 2458 374 2484 cum
401 2444 556 2484 siccum
583 2444 705 2483 suerit
732 2457 837 2496 pone
865 2444 1034 2483 densum
1057 2444 1200 2485 vitrum
1220 2461 1346 2500 super
1364 2449 1496 2499 alb-um

283 2515 446 2555 elevans
475 2521 617 2555 contra
644 2515 797 2564 lucem,
826 2520 868 2553 et
894 2515 1002 2554 sicut
1018 2520 1301 2571 perspexeris,
1329 2522 1384 2560 ita
1408 2535 1500 2573 per—

250 2594 253 2597 *
281 2588 411 2628 trahe.
463 2587 622 2627 Eodem
652 2585 772 2626 modo
800 2584 1038 2639 designabis
1066 2590 1201 2630 omnia
1228 2606 1383 2645 genera
1408 2594 1499 2633 vitri

1143 2685 1214 2727 C*

1654 2636 1731 2653 ‘QX
