1740 2837
644 230 706 237 -
826 199 884 249 ⁴4ss1
1014 231 1073 237 ..-

221 313 744 375 go-annmcrfflm.
776 311 1080 376 imperatoris⁴
1103 315 1197 376 jam'
1231 316 1507 362 commemo-

223 403 352 453 rata,
385 399 571 442 barbam
607 398 805 457 exiguae
839 399 1163 458 longitudinis»,
1188 400 1416 459 *paullum
1438 398 1508 444 di-

223 479 366 523 visam
402 480 568 534 habet,
604 486 655 523 ut
687 479 733 523 in
772 486 926 524 nostra
963 480 1080 524 Tab.
1115 482 1163 525 11
1199 489 1246 526 et
1278 481 1370 525 111.

342 561 510 605 Forma
547 561 722 606 fasciae
759 550 1238 622 litteris-inscriptae
1261 562 1507 622 (Sprucll-

221 641 388 699 band)
432 642 479 686 in
527 642 703 688 finibus
748 643 950 687 nondum
996 643 1234 688 involutae
1279 645 1510 689 vetustior

223 730 312 778 est,
344 725 549 768 saeculis
582 724 651 768 XI
685 735 734 768 et
765 725 861 769 XII
899 725 1084 768 usitata.
1156 743 1159 745 ·

277 836 279 838 -
341 804 633 850 Litterarum
676 807 905 865 ipsarum-
944 806 1093 865 figura
1146 806 1383 851 'simillima
1421 814 1509 852 -est

222 885 617 947 inscriptionibus
635 888 950 947 Thuringicis
971 888 1148 932 saeculi
1169 887 1263 932 XII
1285 887 1344 947 *).
1385 887 1509 935 *Lit—

222 969 341 1012 teris
380 970 503 1012 enim
539 971 693 1014 adhuc.
727 971 991 1014 esteroi-ma
1015 985 1315 1014 romanarum·
1342 969 1509 1030 majus·

221 1050 430 1093 cularum
468 1051 683 1110 exceptis
717 1052 779 1105 A,
811 1050 898 1103 E,
940 1051 1017 1106 M,
1052 1051 1099 1094 in
1134 1065 1325 1109 quarum
1361 1051 1509 1096 forma

220 1130 407 1188 primus⁴
434 1132 661 1186 transitus
682 1133 738 1175 ad
762 1132 1076 1176 recentiorem
1096 1132 1346 1190 gothicam.
1408 1131 1510 1176 Lit-

219 1217 352 1256 terae
396 1213 446 1257 M
480 1214 641 1258 ambae
678 1213 881 1268 for-mae,
924 1213 1158 1257 vetustior
1190 1221 1239 1257 et
1269 1213 1510 1259 resentior

218 1292 266 1337 in
301 1293 614 1353 inscriptione
650 1302 919 1340 occurrunt.

339 1375 510 1422 Forma
555 1377 693 1422 etiam
735 1376 914 1436 gloriae
950 1390 1074 1420 saec.
1106 1376 1177 1420 XI
1212 1383 1259 1420 et
1290 1375 1387 1419 XII
1420 1381 1506 1420 est.

426 1542 429 1546 ¹
477 1526 532 1585 7)
593 1527 888 1572 Sub-sidia
921 1528 1245 1572 historica.

339 1619 412 1663 De
454 1626 609 1663 aetate
654 1622 889 1665 ambarum
925 1620 1212 1678 picturarn'm
1249 1618 1504 1663 vitrearum

218 1699 337 1745 nibil
363 1707 560 1744 constat.
626 1700 779 1760 Quum
806 1716 933 1756 vero,
967 1709 1018 1745 ut
1042 1690 1137 1760 jam
1161 1699 1505 1759 supra-dictum

219 1792 308 1838 est,
341 1783 592 1828 Hmuucvs
614 1784 737 1843 pius,
772 1783 1039 1828 Advocatus
1065 1783 1123 1827 de
1147 1783 1338 1836 Weida,
1374 1780 1508 1841 cujus

219 1877 389 1911 nomen
433 1867 622 1910 saeculo
665 1865 733 1910 XI
778 1872 981 1910 exeunte
1016 1865 1064 1908 in
1101 1863 1394 1908 documentis
1429 1878 1509 1908 ex·

220 1952 336 2002 stat,
378 1948 605 2007 templum
648 1947 698 1992 S.
743 1947 841 1992 Viti
887 1947 933 1991 in
983 1947 1085 1991 vico
1129 1946 1382 2005 Veitsberg
1429 1945 1510 1991 de·

222 2043 315 2073 nuo
335 2029 417 2087 **)-
438 2030 763 2074 aedificaverit
796 2036 844 2073 et
874 2029 1194 2082 exornaverit,
1229 2028 1275 2071 in
1301 2028 1509 2074 sacrario

220 2109 272 2158 S.
326 2110 527 2155 Maniae
582 2110 722 2170 hujus
779 2109 940 2168 templi
987 2104 1203 2168 sepultus
1246 2109 1420 2165 fuerit,
1464 2117 1513 2155 et

218 2198 416 2253 propter
468 2194 637 2237 multas
689 2193 790 2252 pias
843 2191 1124 2236 donationes
1172 2206 1400 2251 agnomen
1444 2192 1513 2252 pii

161 2261 177 2270 ”
214 2274 474 2334 ›acceptu-it,
510 2274 649 2319 facile
683 2273 893 2334 suspicio
929 2274 1070 2330 subit,
1105 2274 1244 2319 etiam
1278 2274 1512 2319 fenestras

175 2386 180 2392 -
219 2355 396 2408 vitreas
442 2357 618 2420 pictaS,
663 2357 703 2402 si
746 2357 863 2401 illud
900 2365 1085 2416 tempus
1119 2365 1305 2415 spectas
1338 2357 1512 2417 pretio-

302 2499 331 2536 ’)
373 2499 464 2529 Conf.
501 2500 621 2538 Orru,
667 2499 854 2530 Handbuch
891 2499 949 2528 der
985 2497 1110 2528 chrisa.
1147 2498 1511 2538 Kunstarcliaeologief

219 2560 274 2590 δίο
298 2559 405 2599 Aust„
424 2567 501 2600 φας,
524 2560 665 2593 239·ειι1)
687 2570 770 2592 num.
794 2561 821 2591 H
843 2559 930 2599 (anni
954 2560 1045 2591 MCL
1055 2559 1079 2598 ).
1103 2571 1107 2574 Ν

277 2617 346 2660 ”“)4
365 2621 451 2652 Conf
480 2622 509 2651 J.
535 2622 566 2653 J.
590 2621 789 2660 Μυειιεκ,
814 2621 1094 2661 seaaeskabe‘net,
1114 2622 1201 2661 from
1236 2622 1296 2660 lu,
1320 2631 1388 2663 cap.
1415 2622 1450 2652 V.
