1740 2837
627 140 687 146 -.
812 114 878 160 24
1001 141 1062 149 ...-

282 227 366 267 Des
403 226 564 265 leriuzes
596 224 710 277 lcrast
751 227 934 265 ‘erloeset
967 227 1041 266 kat
1092 227 1158 266 de’e
1204 228 1497 267 isrdheliecken

1060 302 1199 350 geste:
1230 353 1233 355 -

281 369 351 407 dia
377 370 528 409 wurzel
551 369 679 409 durch
707 368 773 409 die
798 369 904 409 kelle
933 374 1040 410 wnot

280 441 366 479 und
389 455 481 479 nam
510 442 586 479 dar
612 445 653 486 223
682 442 751 485 d03
778 443 887 479 ree’ne
913 442 1147 480 leimelische
1173 446 1295 494 guot:

283 511 337 550 (Ιᾶ
364 526 438 556 von
465 513 657 552 zerbrach
685 512 756 552 diu
783 512 888 552 leide
913 513 1019 552 kelle
1045 506 1166 553 veste.

209 655 412 698 Omnino
459 656 505 699 in
553 658 797 701 formando
843 653 1087 701 stemmate
1130 657 1224 700 Isai
1270 657 1500 700 rationem

208 736 515 795 genealogiae
551 753 641 783 non
678 739 878 783 firmiter
903 739 1082 794 teneri,
1115 742 1392 796 argumento
1415 745 1502 793 est,

209 818 332 874 quod
391 819 529 861 etiam
589 821 845 880 praecipua
889 821 1103 878 dogmata
1148 820 1404 863 christiana
1458 826 1505 863 et

209 900 467 960 praecipua
504 910 731 946 momenta
770 902 891 947 vitae
919 901 1104 946 'Christi
1140 900 1383 945 stemmate
1407 900 1502 945 Isai

211 984 617 1039 repraesentando
654 985 1052 1039 adnectebantur,
1100 984 1302 1042 exempli
1340 998 1506 1047 causa3

212 1064 534 1109 Annunciatio
570 1067 791 1122 Mnuffl,
834 1066 1053 1110 nativitas
1088 1066 1315 1121 Cums'm,
1356 1065 1506 1109 cruci-

214 1144 352 1201 fixio,
388 1149 679 1193 resurrectio
717 1157 807 1192 etc.

339 1288 564 1334 Fortasse
598 1292 687 1336 hoc
723 1291 859 1336 modo
896 1290 1035 1335 etiam
1072 1290 1117 1333 in
1156 1295 1315 1334 nostra
1349 1291 1508 1334 tabula

214 1369 329 1413 folia
363 1373 696 1428 versicoloria,
740 1386 858 1431 quae
894 1372 1112 1430 palmites
1146 1370 1398 1426 coronant,
1431 1371 1509 1415 ha-

215 1452 368 1496 benda
403 1463 512 1498 sunt
546 1471 630 1513 pro
666 1455 794 1499 foliis
829 1462 876 1498 et
911 1454 1168 1508 fructibus,
1218 1468 1335 1511 quae
1371 1454 1511 1497 arbor

215 1534 339 1578 vitae
375 1536 432 1579 ad
468 1538 666 1580 salutem
701 1536 911 1595 gentium
938 1535 1104 1594 gignit.
1166 1535 1325 1579 Etiam
1352 1550 1510 1580 nume·

216 1631 297 1660 rus
342 1617 691 1674 duodenarius,
737 1633 872 1677 quem
916 1617 1112 1676 Apoeal.
1146 1616 1228 1671 22,
1271 1617 1510 1661 2habet:

145 1706 147 1708 ’
216 1698 403 1757 lignum
445 1701 601 1754 vitae,
650 1699 869 1761 afferens
894 1699 1100 1757 fructus
1141 1698 1391 1744 duodecim
1414 1714 1510 1765 per

215 1794 402 1823 menses
442 1781 664 1840 singulos
707 1780 941 1834 reddens,
1000 1795 1101 1823 cum
1150 1787 1308 1825 nostra
1352 1781 1536 1831 tabula,

217 1861 454 1905 convenit.
541 1862 656 1905 Nam
719 1877 942 1906 numerus
1001 1862 1240 1906 ternarius
1288 1862 1510 1905 foliorum

208 1941 345 2002 juxta
391 1944 583 1988 fasciam
641 1944 816 1988 litteris
860 1944 1133 2002 inscriptam
1178 1950 1346 2001 quater
1390 1943 1513 2002 posi·

214 2032 290 2069 tus
324 2051 385 2057 —
430 2026 633 2071 fortasse
670 2040 728 2071 ex
765 2025 978 2085 analogia
1014 2033 1215 2084 quattuor
1247 2031 1510 2085 temporum

216 2107 326 2150 anni
369 2133 430 2139 —
483 2109 745 2166 respondet
789 2107 1094 2167 Apocalypsi.
1182 2107 1341 2157 Unum
1386 2108 1509 2150 enim

216 2188 408 2244 solium,
454 2189 576 2247 quod
620 2190 668 2233 in
716 2205 910 2234 numero
953 2189 1164 2234 ternario
1207 2189 1354 2232 semel
1389 2188 1512 2233 desi-

217 2269 438 2324 deratur,
491 2270 636 2314 fascia
686 2272 923 2314 obtectum
971 2286 1075 2314 esse
1119 2270 1376 2328 putandum
1423 2276 1510 2313 est.

217 2351 271 2395 ln
328 2354 478 2396 altero
534 2353 685 2397 latere
738 2352 953 2407 tabulae,
1009 2367 1283 2411 quamquam
1330 2357 1510 2395 tantum

217 2448 382 2478 novem
430 2434 543 2479 folia
589 2434 933 2494 conspicimus,
990 2441 1145 2479 tamen
1189 2435 1269 2479 lex
1313 2449 1512 2494 symme-

217 2516 362 2570 triae,
432 2524 527 2562 tota
594 2519 750 2562 tabula
817 2523 1027 2573 servata,
1096 2517 1259 2570 docet,
1324 2516 1399 2560 hic
1464 2524 1510 2560 et
