1740 2837
688 183 750 189 -
878 156 934 200 12
1057 184 1118 190 ,-

380 270 495 314 Nam
551 269 640 313 hoc
683 268 940 326 templum,
995 268 1370 327 antiquissimum
1414 270 1548 315 Vari-

258 350 410 408 sciae,
453 365 573 396 anno
613 342 1027 395 DcccCLXXIV
1057 352 1097 393 ‘a
1144 351 1314 394 comite
1348 353 1546 410 quodam

256 433 473 477 Amaomss
521 439 569 476 et
612 431 813 491 conjuge
846 433 1026 476 'anA
1068 433 1335 489 conditum,
1388 436 1546 494 paulio

253 521 386 572 post,
433 496 554 558 anna
589 512 1003 558 Dccchxxvl
1036 521 1086 576 5³1
1118 514 1300 559 seriore
1333 507 1546 575 tempore

254 594 327 637 bis
373 610 398 638 a
432 595 627 638 sorabis
662 596 955 639 destructum
991 602 1086 650 est,
1130 596 1286 638 denuo
1321 612 1432 640 vero
1468 612 1546 640 ex-

254 682 483 720 structum
531 678 586 720 ab
633 677 858 721 Hamuco
903 675 1200 736 agnominato
1244 676 1349 735 pio,
1391 678 1542 737 primo

253 771 388 815 quem
433 742 647 802 novimus
691 759 934 802 Advocato
978 757 1211 811 Weidae‚
1258 759 1334 815 qui
1380 759 1427 802 in
1475 760 1543 803 di-

251 838 470 897 plomatis
514 839 653 883 etiam
687 838 1011 882 Marascalcus
1046 853 1296 882 caesareus
1312 838 1353 896 *)
1400 840 1543 884 nomi-

251 920 516 963 nabatur‘et
539 919 664 963 circa
686 919 926 963 saeculum
940 917 1009 961 XI
1028 917 1193 961 exiens
1212 920 1297 962 sub
1319 920 1542 965 Hecho

251 1007 416 1057 quarto
468 1001 755 1059 imperatore
807 1000 953 1053 vixit,
1006 999 1081 1042 cui
1127 1015 1315 1058 semper
1367 1002 1544 1047 fidelis·

250 1080 396 1125 simus
444 1088 560 1126 erat.
627 1081 785 1141 (Anno
833 1079 1115 1125 MLXXXII
1149 1080 1401 1126 Hssnmcus
1448 1083 1542 1127 Ad-

248 1170 442 1206 vocatus
490 1164 548 1207 de
583 1164 775 1207 Weida‘
809 1163 1001 1206 feudum
1037 1162 1226 1206 donavit
1251 1163 1448 1218 vdomino
1483 1166 1542 1210 de

249 1243 434 1287 Tossen
469 1244 694 1303 oppidum
730 1241 1058 1300 Ronneburg.)

370 1324 443 1368 De
500 1325 762 1369 serioribus
804 1324 918 1368 fatis
962 1323 1129 1382 templi
1180 1324 1297 1368 nihil
1342 1312 1540 1381 constat,

207 1388 209 1390 .
245 1421 520 1465 quamquam
557 1407 711 1451 varias
747 1405 1032 1450 mutationes
1060 1405 1229 1459 subiit3
1266 1421 1369 1451 nam
1393 1408 1539 1465 totius

245 1488 376 1531 chori
423 1494 661 1532 structura
705 1487 849 1532 medii
891 1485 1124 1545 tempor-is
1153 1487 1342 1544 gothice
1378 1490 1540 1534 aedifi-

244 1569 393 1613 candi‘
427 1570 625 1614 rationis
672 1575 759 1628 est.
823 1568 982 1613 Etiam
1019 1567 1140 1612 aliae
1182 1570 1344 1627 temp-li
1381 1578 1540 1629 partes

243 1649 351 1694 aliis
395 1652 687 1710 temporibus
734 1658 938 1695 mutatae
983 1656 1107 1692 sunt.
1183 1650 1539 1698 Ceterum.hoc

242 1733 467 1790 templum
505 1741 696 1791 praeter
717 1733 929 1791 picturas
956 1730 1149 1783 vitreas,
1185 1729 1244 1774 de
1267 1732 1436 1789 quibus
1461 1750 1539 1779 ex-

243 1828 492 1872 ponemus,
529 1812 748 1871 majorem
787 1812 999 1856 continet
1038 1826 1278 1854 numerum
1316 1814 1539 1859 artificio-

241 1910 342 1939 rum
387 1895 762 1952 germanicorum
805 1893 926 1937 haud
977 1892 1135 1949 exigui
1172 1894 1341 1950 pretii:
1385 1897 1538 1956 sculp-

238 1985 449 2021 turarum
487 1976 750 2034 ligneorum
788 1984 835 2019 et
869 1973 1180 2033 lapidearum,
1216 1974 1384 2019 artium
1415 1985 1539 2022 aeta-

235 2059 298 2103 tis
333 2064 381 2102 et
416 2057 684 2101 romanicae
720 2063 767 2100 et
799 2055 1017 2114 gothicae
1055 2061 1102 2098 et
1137 2057 1441 2113 posterioris,
1478 2059 1536 2102 de

236 2141 407 2200 quibus
454 2154 578 2183 nunc
619 2140 782 2183 dicere
818 2152 911 2182 non
944 2138 1075 2182 licet.
1140 2136 1321 2183 Eorum
1357 2142 1538 2200 praeci-

239 2237 360 2281 puae
387 2219 618 2277 reliquiae
643 2227 751 2263 sunt
771 2219 986 2279 picturae
1012 2219 1057 2263 in
1084 2234 1211 2274 arcu,
1239 2221 1316 2279 qui
1344 2222 1536 2267 chorum

240 2319 265 2347 a
300 2318 416 2346 nave
451 2301 616 2359 templi
652 2301 896 2359 disjungit,
931 2301 979 2344 in
1004 2313 1094 2358 quo
1108 2303 1350 2362 judicium
1374 2321 1537 2363 suppe-

237 2398 361 2427 mum
395 2382 574 2442 pictum
612 2387 700 2425 est.
766 2380 905 2440 Quae
940 2381 1150 2440 pictura,
1190 2382 1310 2427 haud
1348 2384 1444 2427 scio
1474 2399 1536 2429 an

317 2562 351 2601 ⁸)
378 2562 416 2592 Κ.
441 2562 479 2591 A.
503 2561 674 2601 launna,
696 2564 716 2594 Ι.
739 2564 757 2594 1.
776 2573 857 2604 pag.
881 2565 957 2595 232.

49 2619 152 2687 *a

157 2707 161 2721 χ
