1740 2837
670 141 1093 187 ...23-

229 258 531 312 praesentato
568 257 812 297 stemmate
840 253 961 309 Isai·;
995 254 1520 313 caulisenimzpercur-

230 350 340 378 rens
374 334 583 393 singulas
616 334 848 393 imagines
881 335 927 380 in
963 343 1108 390 toturn
1144 333 1404 394 conjunxit.

351 436 524 479 Totum
570 443 766 480 stemma
808 438 1039 494 quondam
1076 438 1178 481 sino
1213 437 1521 481 dubio-fene-

228 517 519 572 straechori
556 518 793 566 romanice
830 526 880 562 ut
915 518 1127 576 reliquae
1165 525 1322 576 partes
1356 519 1522 578 templi,

230 601 460 644 exstructi
503 600 703 644 inditum
741 607 868 654 erat,
893 602 995 653 ‹Ised
1032 614 1166 653 casu,
1215 602 1527 659 nescio-quo,-

228 683 425 737 chorus,
470 683 680 726 fenestra
716 689 763 726 et
797 697 1039 726 connexus
1073 682 1325 741 imaginum
1361 683 1518 729 diruta

230 770 278 807 et
322 764 506 807 sublata
547 772 656 806 sunt
701 770 749 806 et
792 769 969 807 tantum
1017 764 1137 807 duae
1181 772 1340 823 partes
1375 765 1518 807 totius

228 845 587 905 compositionis
631 851 869 900 servatae,
903 861 1028 904 quae
1071 853 1263 906 postero
1307 854 1518 905 tempore

226 928 320 971 alio
354 928 459 971 loco
493 926 735 971 adhibitae
769 933 894 970 sunt.

334 1018 621 1063 Secundum
687 1018 996 1077 fragmentum
1063 1017 1204 1078 hujus
1260 1018 1518 1062 stemmatis
1558 1044 1566 1052 ι

224 1101 318 1144 Isai
356 1101 466 1144 mihi
503 1115 608 1143 esse
644 1100 858 1143 videtur:

346 1191 403 1235 B.
458 1191 644 1251 pictura
688 1190 840 1234 vitrea
884 1203 1017 1248 quam
1056 1190 1277 1234 minutam
1314 1191 1433 1234 Tab.
1468 1190 1517 1234 ΙΙ

224 1273 370 1331 (conf.
406 1279 453 1316 et
488 1274 607 1316 Tab.
644 1272 742 1330 111)
777 1272 951 1316 reddit.

269 1387 271 1389 ·
343 1373 410 1419 Et
442 1363 764 1433 tegumentum
791 1373 961 1434 capitis
986 1372 1225 1434 auricolor
1249 1380 1387 1431 atque
1414 1363 1519 1433 pre·

222 1458 422 1510 tiosum,
480 1465 526 1500 et
578 1457 773 1514 pallium
831 1448 1273 1499 coloris'coccinei
1329 1455 1517 1510 docent,

220 1533 341 1581 hanc
375 1538 622 1596 imaginem
658 1536 891 1595 principis
926 1534 1167 1595 cujusdam
1200 1532 1325 1580 essess
1387 1537 1517 1595 (Vid.

221 1619 345 1663 infra
380 1620 493 1662 sub:
523 1618 568 1660 7.
602 1617 945 1676 Antiquaria.)
1417 1612 1421 1616 ’
1492 1615 1515 1623 ‘⁴

343 1709 502 1769 Hujus
549 1710 766 1768 imaginis
823 1708 969 1752 totius
1023 1708 1213 1751 habitus
1271 1709 1517 1752 consentio

221 1807 324 1835 cum
363 1792 482 1834 Tab.
511 1792 532 1833 l
569 1792 613 1833 in
653 1790 1069 1848 proportionibuS‚
1103 1788 1150 1831 in
1186 1789 1434 1843 technicis,
1469 1791 1515 1833 in

221 1873 484 1917 tractandis
529 1872 696 1925 nudis,
744 1872 788 1914 in
827 1869 1115 1914 ornamentis
1147 1876 1205 1913 <et
1239 1870 1286 1914 in
1324 1871 1519 1915 manicis

221 1963 352 1998 arcte
396 1953 612 2013 plicatis,
657 1953 973 2006 demonstrat,
1020 1951 1102 1994 has
1150 1951 1265 1994 duas
1310 1952 1519 2011 picturas

221 2052 417 2080 coaevas
464 2045 511 2079 et
544 2051 569 2079 a
611 2050 751 2079 manu
797 2033 938 2078 unius
982 2040 1029 2077 et
1064 2032 1276 2091 ejusdem
1322 2035 1519 2080 artificis

221 2119 457 2176 profectas
492 2132 614 2160 esse.

346 2208 661 2267 Tripartitum
729 2212 883 2250 autem
951 2206 1170 2249 foliorum
1231 2208 1520 2266 symplegma

213 2291 352 2350 juxta
409 2305 591 2333 manum
649 2289 894 2333 dexteram
943 2302 1201 2345 eorumque
1256 2289 1433 2332 formae
1474 2296 1522 2333 et

220 2372 394 2418 coloris
442 2371 706 2431 propinqua
752 2368 960 2415 affinitas
1001 2383 1104 2412 cum
1149 2368 1208 2425 iis
1243 2369 1289 2414 in
1327 2370 1446 2416 Tul„
1481 2370 1523 2427 I‚·
1558 2403 1560 2405 -

219 2454 540 2513 suspicionem
578 2458 796 2506 movent,
831 2452 949 2496 hanc
975 2450 1121 2508 ipsam
1148 2450 1393 2509 imaginem
1418 2468 1520 2511 par-

219 2542 311 2578 tem
350 2534 563 2593 ejusdem
600 2532 995 2589 stemmatislsai*
1023 2532 1209 2584 fuisse,-
