<?xml version="1.0" encoding="UTF-8"?>
<!DOCTYPE html PUBLIC "-//W3C//DTD XHTML 1.0 Transitional//EN"
    "http://www.w3.org/TR/xhtml1/DTD/xhtml1-transitional.dtd">
<html xmlns="http://www.w3.org/1999/xhtml" xml:lang="en" lang="en">
 <head>
  <title>
</title>
<meta http-equiv="Content-Type" content="text/html;charset=utf-8" />
  <meta name='ocr-system' content='tesseract 3.04.00' />
  <meta name='ocr-capabilities' content='ocr_page ocr_carea ocr_par ocr_line ocrx_word'/>
</head>
<body>
  <div class='ocr_page' id='page_1' title='image "./4627209_0023.png"; bbox 0 0 1740 2837; ppageno 0'>
   <div class='ocr_carea' id='block_1_1' title="bbox 0 1721 79 2837">
    <p class='ocr_par' dir='ltr' id='par_1_1' title="bbox 0 1721 79 2837">
     <span class='ocr_line' id='line_1_1' title="bbox 0 1721 79 2837; baseline 0 0"><span class='ocrx_word' id='word_1_1' title='bbox 0 1721 79 2837; x_wconf 95' lang='lat' dir='ltr'> </span> 
     </span>
    </p>
   </div>
   <div class='ocr_carea' id='block_1_2' title="bbox 627 175 1054 218">
    <p class='ocr_par' dir='ltr' id='par_1_2' title="bbox 627 175 1054 218">
     <span class='ocr_line' id='line_1_2' title="bbox 627 175 1054 218; baseline -0.002 -10"><span class='ocrx_word' id='word_1_2' title='bbox 627 201 687 208; x_wconf 83' lang='lat'>..</span> <span class='ocrx_word' id='word_1_3' title='bbox 814 175 871 218; x_wconf 72' lang='grc' dir='ltr'><strong>η</strong></span> <span class='ocrx_word' id='word_1_4' title='bbox 994 201 1054 207; x_wconf 83' lang='grc'>.-</span> 
     </span>
    </p>
   </div>
   <div class='ocr_carea' id='block_1_3' title="bbox 153 287 1516 2693">
    <p class='ocr_par' dir='ltr' id='par_1_3' title="bbox 186 287 1500 1895">
     <span class='ocr_line' id='line_1_3' title="bbox 194 287 1483 349; baseline -0.005 -13"><span class='ocrx_word' id='word_1_5' title='bbox 194 292 444 349; x_wconf 87' lang='lat' dir='ltr'>significati</span> <span class='ocrx_word' id='word_1_6' title='bbox 480 297 605 335; x_wconf 89' lang='lat' dir='ltr'>sunt.</span> <span class='ocrx_word' id='word_1_7' title='bbox 671 290 742 332; x_wconf 88' lang='lat' dir='ltr'>Ab</span> <span class='ocrx_word' id='word_1_8' title='bbox 766 287 975 331; x_wconf 87' lang='lat' dir='ltr'>humeris</span> <span class='ocrx_word' id='word_1_9' title='bbox 996 287 1187 345; x_wconf 89' lang='lat' dir='ltr'>pallium</span> <span class='ocrx_word' id='word_1_10' title='bbox 1213 303 1315 332; x_wconf 91' lang='lat' dir='ltr'>cum</span> <span class='ocrx_word' id='word_1_11' title='bbox 1340 287 1483 331; x_wconf 86' lang='lat' dir='ltr'><strong>limbo</strong></span> 
     </span>
     <span class='ocr_line' id='line_1_4' title="bbox 195 359 1482 431; baseline -0.004 -15"><span class='ocrx_word' id='word_1_12' title='bbox 195 373 358 417; x_wconf 86' lang='lat' dir='ltr'>collari</span> <span class='ocrx_word' id='word_1_13' title='bbox 401 359 1108 431; x_wconf 49' lang='lat' dir='ltr'>(Krageny‘suspensumws&#39;tl</span> <span class='ocrx_word' id='word_1_14' title='bbox 1136 376 1182 413; x_wconf 86' lang='lat' dir='ltr'>et</span> <span class='ocrx_word' id='word_1_15' title='bbox 1216 369 1265 413; x_wconf 91' lang='lat' dir='ltr'>in</span> <span class='ocrx_word' id='word_1_16' title='bbox 1298 376 1482 428; x_wconf 87' lang='lat' dir='ltr'>tergum</span> 
     </span>
     <span class='ocr_line' id='line_1_5' title="bbox 194 450 1485 509; baseline -0.003 -12"><span class='ocrx_word' id='word_1_17' title='bbox 194 452 397 508; x_wconf 74' lang='lat' dir='ltr'>labitur,</span> <span class='ocrx_word' id='word_1_18' title='bbox 440 454 504 497; x_wconf 83' lang='lat' dir='ltr'>ita</span> <span class='ocrx_word' id='word_1_19' title='bbox 548 462 599 496; x_wconf 85' lang='lat' dir='ltr'>ut</span> <span class='ocrx_word' id='word_1_20' title='bbox 642 451 793 495; x_wconf 87' lang='lat' dir='ltr'>media</span> <span class='ocrx_word' id='word_1_21' title='bbox 829 451 937 509; x_wconf 86' lang='lat' dir='ltr'>pars</span> <span class='ocrx_word' id='word_1_22' title='bbox 971 451 1178 508; x_wconf 86' lang='lat' dir='ltr'>pectoris</span> <span class='ocrx_word' id='word_1_23' title='bbox 1213 458 1260 495; x_wconf 89' lang='lat' dir='ltr'>et</span> <span class='ocrx_word' id='word_1_24' title='bbox 1291 450 1485 495; x_wconf 83' lang='lat' dir='ltr'>brachia</span> 
     </span>
     <span class='ocr_line' id='line_1_6' title="bbox 197 530 1486 591; baseline -0.002 -13"><span class='ocrx_word' id='word_1_25' title='bbox 197 534 427 578; x_wconf 80' lang='lat' dir='ltr'>inferiora</span> <span class='ocrx_word' id='word_1_26' title='bbox 469 532 870 591; x_wconf 48' lang='lat' dir='ltr'>nonteganturssr</span> <span class='ocrx_word' id='word_1_27' title='bbox 894 531 992 575; x_wconf 88' lang='lat' dir='ltr'>Sub</span> <span class='ocrx_word' id='word_1_28' title='bbox 1017 532 1116 576; x_wconf 80' lang='lat' dir='ltr'>hoc</span> <span class='ocrx_word' id='word_1_29' title='bbox 1148 532 1292 591; x_wconf 91' lang='lat' dir='ltr'>pallio</span> <span class='ocrx_word' id='word_1_30' title='bbox 1326 530 1486 575; x_wconf 85' lang='lat' dir='ltr'>tunica</span> 
     </span>
     <span class='ocr_line' id='line_1_7' title="bbox 197 611 1485 671; baseline -0.002 -12"><span class='ocrx_word' id='word_1_31' title='bbox 197 621 282 659; x_wconf 83' lang='lat' dir='ltr'>est-</span> <span class='ocrx_word' id='word_1_32' title='bbox 298 611 430 659; x_wconf 79' lang='lat' dir='ltr'>circa</span> <span class='ocrx_word' id='word_1_33' title='bbox 454 626 596 659; x_wconf 81' lang='lat' dir='ltr'>coxas</span> <span class='ocrx_word' id='word_1_34' title='bbox 621 614 789 668; x_wconf 87' lang='lat' dir='ltr'>cincta,</span> <span class='ocrx_word' id='word_1_35' title='bbox 812 611 1016 656; x_wconf 82' lang='lat' dir='ltr'>attamen</span> <span class='ocrx_word' id='word_1_36' title='bbox 1037 612 1085 656; x_wconf 89' lang='lat' dir='ltr'>in</span> <span class='ocrx_word' id='word_1_37' title='bbox 1113 612 1267 656; x_wconf 77' lang='lat' dir='ltr'>m&#39;edio</span> <span class='ocrx_word' id='word_1_38' title='bbox 1292 614 1485 671; x_wconf 86' lang='lat' dir='ltr'>p&#39;ectore</span> 
     </span>
     <span class='ocr_line' id='line_1_8' title="bbox 186 694 1488 755; baseline -0.002 -15"><span class='ocrx_word' id='word_1_39' title='bbox 186 697 395 740; x_wconf 69' lang='lat' dir='ltr'>alterum</span> <span class='ocrx_word' id='word_1_40' title='bbox 443 696 678 755; x_wconf 80' lang='lat' dir='ltr'>cingulum</span> <span class='ocrx_word' id='word_1_41' title='bbox 723 695 903 753; x_wconf 85' lang='lat' dir='ltr'>pariter</span> <span class='ocrx_word' id='word_1_42' title='bbox 955 709 1008 738; x_wconf 87' lang='lat' dir='ltr'>ac</span> <span class='ocrx_word' id='word_1_43' title='bbox 1050 694 1372 753; x_wconf 84' lang='lat' dir='ltr'>supradictum</span> <span class='ocrx_word' id='word_1_44' title='bbox 1415 694 1488 738; x_wconf 82' lang='lat' dir='ltr'>ro-</span> 
     </span>
     <span class='ocr_line' id='line_1_9' title="bbox 202 775 1486 833; baseline -0.002 -12"><span class='ocrx_word' id='word_1_45' title='bbox 202 778 319 821; x_wconf 84' lang='lat' dir='ltr'>sulis</span> <span class='ocrx_word' id='word_1_46' title='bbox 369 785 645 821; x_wconf 83' lang='lat' dir='ltr'>exornatum</span> <span class='ocrx_word' id='word_1_47' title='bbox 689 775 1005 833; x_wconf 70' lang='lat' dir='ltr'>conspicitur,</span> <span class='ocrx_word' id='word_1_48' title='bbox 1052 775 1173 833; x_wconf 86' lang='lat' dir='ltr'>quod</span> <span class='ocrx_word' id='word_1_49' title='bbox 1221 776 1267 818; x_wconf 93' lang='lat' dir='ltr'>in</span> <span class='ocrx_word' id='word_1_50' title='bbox 1304 775 1486 819; x_wconf 88' lang='lat' dir='ltr'>seriore</span> 
     </span>
     <span class='ocr_line' id='line_1_10' title="bbox 198 856 1487 917; baseline -0.002 -14"><span class='ocrx_word' id='word_1_51' title='bbox 198 858 546 903; x_wconf 66' lang='lat' dir='ltr'>restauratione</span> <span class='ocrx_word' id='word_1_52' title='bbox 579 858 792 917; x_wconf 88' lang='lat' dir='ltr'>picturae</span> <span class='ocrx_word' id='word_1_53' title='bbox 828 856 915 901; x_wconf 87' lang='lat' dir='ltr'>hoc</span> <span class='ocrx_word' id='word_1_54' title='bbox 950 857 1052 900; x_wconf 90' lang='lat' dir='ltr'>loco</span> <span class='ocrx_word' id='word_1_55' title='bbox 1081 857 1197 901; x_wconf 84' lang='lat' dir='ltr'>falso</span> <span class='ocrx_word' id='word_1_56' title='bbox 1225 856 1487 901; x_wconf 80' lang='lat' dir='ltr'>adhibitum</span> 
     </span>
     <span class='ocr_line' id='line_1_11' title="bbox 201 938 1490 1000; baseline -0.003 -16"><span class='ocrx_word' id='word_1_57' title='bbox 201 954 307 984; x_wconf 87' lang='lat' dir='ltr'>esse</span> <span class='ocrx_word' id='word_1_58' title='bbox 361 940 564 983; x_wconf 68' lang='lat' dir='ltr'>vssidetur.</span> <span class='ocrx_word' id='word_1_59' title='bbox 640 939 895 998; x_wconf 77' lang='lat' dir='ltr'>Brachi-um</span> <span class='ocrx_word' id='word_1_60' title='bbox 952 938 1192 981; x_wconf 86' lang='lat' dir='ltr'>sinistrum</span> <span class='ocrx_word' id='word_1_61' title='bbox 1241 951 1490 1000; x_wconf 70' lang='lat' dir='ltr'>perperam¹</span> 
     </span>
     <span class='ocr_line' id='line_1_12' title="bbox 204 1017 1499 1080; baseline -0.002 -15"><span class='ocrx_word' id='word_1_62' title='bbox 204 1020 540 1080; x_wconf 85' lang='lat' dir='ltr'>compositum,</span> <span class='ocrx_word' id='word_1_63' title='bbox 584 1020 857 1078; x_wconf 76' lang='lat' dir='ltr'>quamquam</span> <span class='ocrx_word' id='word_1_64' title='bbox 895 1018 1035 1063; x_wconf 79' lang='lat' dir='ltr'>facile</span> <span class='ocrx_word' id='word_1_65' title='bbox 1080 1019 1284 1078; x_wconf 80' lang='lat' dir='ltr'>intelligi</span> <span class='ocrx_word' id='word_1_66' title='bbox 1321 1017 1499 1078; x_wconf 49' lang='lat' dir='ltr'>potest-‚t</span> 
     </span>
     <span class='ocr_line' id='line_1_13' title="bbox 195 1100 1495 1161; baseline -0.002 -14"><span class='ocrx_word' id='word_1_67' title='bbox 195 1103 434 1161; x_wconf 84' lang='lat' dir='ltr'>quomodo</span> <span class='ocrx_word' id='word_1_68' title='bbox 468 1103 591 1146; x_wconf 87' lang='lat' dir='ltr'>duae</span> <span class='ocrx_word' id='word_1_69' title='bbox 625 1102 812 1161; x_wconf 59' lang='lat' dir='ltr'>partim,-</span> <span class='ocrx_word' id='word_1_70' title='bbox 837 1115 895 1145; x_wconf 84' lang='lat' dir='ltr'>ex</span> <span class='ocrx_word' id='word_1_71' title='bbox 929 1100 1098 1159; x_wconf 87' lang='lat' dir='ltr'>quibus</span> <span class='ocrx_word' id='word_1_72' title='bbox 1124 1101 1361 1145; x_wconf 84' lang='lat' dir='ltr'>brachium</span> <span class='ocrx_word' id='word_1_73' title='bbox 1386 1116 1495 1145; x_wconf 90' lang='lat' dir='ltr'>con-</span> 
     </span>
     <span class='ocr_line' id='line_1_14' title="bbox 202 1179 1494 1243; baseline -0.002 -14"><span class='ocrx_word' id='word_1_74' title='bbox 202 1185 352 1240; x_wconf 77' lang='lat' dir='ltr'>sistit,</span> <span class='ocrx_word' id='word_1_75' title='bbox 408 1179 782 1243; x_wconf 52' lang='lat' dir='ltr'>com-ponendae*</span> <span class='ocrx_word' id='word_1_76' title='bbox 811 1183 1004 1227; x_wconf 78' lang='lat' dir='ltr'>fuerint.</span> <span class='ocrx_word' id='word_1_77' title='bbox 1060 1183 1349 1227; x_wconf 69' lang='lat' dir='ltr'>vextorum</span> <span class='ocrx_word' id='word_1_78' title='bbox 1393 1185 1494 1227; x_wconf 89' lang='lat' dir='ltr'>bra-</span> 
     </span>
     <span class='ocr_line' id='line_1_15' title="bbox 202 1263 1495 1324; baseline 0 -16"><span class='ocrx_word' id='word_1_79' title='bbox 202 1265 357 1309; x_wconf 90' lang='lat' dir='ltr'>chium</span> <span class='ocrx_word' id='word_1_80' title='bbox 412 1280 436 1308; x_wconf 92' lang='lat' dir='ltr'>e</span> <span class='ocrx_word' id='word_1_81' title='bbox 481 1265 625 1324; x_wconf 89' lang='lat' dir='ltr'>pallio</span> <span class='ocrx_word' id='word_1_82' title='bbox 681 1263 931 1322; x_wconf 85' lang='lat' dir='ltr'>prominet.</span> <span class='ocrx_word' id='word_1_83' title='bbox 1013 1263 1183 1307; x_wconf 87' lang='lat' dir='ltr'>Utrum</span> <span class='ocrx_word' id='word_1_84' title='bbox 1237 1264 1334 1308; x_wconf 78' lang='lat' dir='ltr'>tr&#39;ia&#39;</span> <span class='ocrx_word' id='word_1_85' title='bbox 1383 1265 1495 1308; x_wconf 83' lang='lat' dir='ltr'>folia</span> 
     </span>
     <span class='ocr_line' id='line_1_16' title="bbox 202 1344 1495 1405; baseline 0.001 -15"><span class='ocrx_word' id='word_1_86' title='bbox 202 1362 352 1405; x_wconf 84' lang='lat' dir='ltr'>prope</span> <span class='ocrx_word' id='word_1_87' title='bbox 397 1353 609 1390; x_wconf 67' lang='lat' dir='ltr'>manum,¹</span> <span class='ocrx_word' id='word_1_88' title='bbox 631 1345 859 1404; x_wconf 78' lang='lat' dir='ltr'>scipionis</span> <span class='ocrx_word' id='word_1_89' title='bbox 902 1344 1107 1399; x_wconf 81' lang='lat' dir='ltr'>fuerint,</span> <span class='ocrx_word' id='word_1_90' title='bbox 1133 1364 1137 1369; x_wconf 65' lang='lat'><strong><em>¹</em></strong></span> <span class='ocrx_word' id='word_1_91' title='bbox 1165 1361 1300 1404; x_wconf 89' lang='lat' dir='ltr'>quem</span> <span class='ocrx_word' id='word_1_92' title='bbox 1346 1346 1495 1404; x_wconf 79' lang='lat' dir='ltr'>figura</span> 
     </span>
     <span class='ocr_line' id='line_1_17' title="bbox 205 1416 1494 1485; baseline 0.001 -15"><span class='ocrx_word' id='word_1_93' title='bbox 205 1434 367 1471; x_wconf 82' lang='lat' dir='ltr'>nostra</span> <span class='ocrx_word' id='word_1_94' title='bbox 401 1428 450 1470; x_wconf 92' lang='lat' dir='ltr'>in</span> <span class='ocrx_word' id='word_1_95' title='bbox 472 1425 622 1471; x_wconf 75' lang='lat' dir='ltr'>manu</span> <span class='ocrx_word' id='word_1_96' title='bbox 657 1427 866 1481; x_wconf 82' lang='lat' dir='ltr'>serebat,</span> <span class='ocrx_word' id='word_1_97' title='bbox 914 1424 976 1469; x_wconf 46' lang='lat' dir='ltr'>an*</span> <span class='ocrx_word' id='word_1_98' title='bbox 1006 1427 1237 1485; x_wconf 83' lang='lat' dir='ltr'>reliquiae</span> <span class='ocrx_word' id='word_1_99' title='bbox 1272 1416 1494 1472; x_wconf 79' lang='lat' dir='ltr'>similium</span> 
     </span>
     <span class='ocr_line' id='line_1_18' title="bbox 205 1507 1497 1569; baseline 0.001 -16"><span class='ocrx_word' id='word_1_100' title='bbox 205 1509 443 1553; x_wconf 85' lang='lat' dir='ltr'>frondium</span> <span class='ocrx_word' id='word_1_101' title='bbox 492 1516 541 1552; x_wconf 92' lang='lat' dir='ltr'>ut</span> <span class='ocrx_word' id='word_1_102' title='bbox 575 1510 622 1552; x_wconf 91' lang='lat' dir='ltr'>in</span> <span class='ocrx_word' id='word_1_103' title='bbox 659 1509 778 1552; x_wconf 84' lang='lat' dir='ltr'>Tab.</span> <span class='ocrx_word' id='word_1_104' title='bbox 812 1508 833 1551; x_wconf 91' lang='grc' dir='ltr'>Ι</span> <span class='ocrx_word' id='word_1_105' title='bbox 868 1507 989 1561; x_wconf 86' lang='lat' dir='ltr'>sint,</span> <span class='ocrx_word' id='word_1_106' title='bbox 1033 1509 1251 1567; x_wconf 82' lang='lat' dir='ltr'>cognosci</span> <span class='ocrx_word' id='word_1_107' title='bbox 1293 1518 1383 1554; x_wconf 87' lang='lat' dir='ltr'>non</span> <span class='ocrx_word' id='word_1_108' title='bbox 1420 1526 1497 1569; x_wconf 91' lang='lat' dir='ltr'>po-</span> 
     </span>
     <span class='ocr_line' id='line_1_19' title="bbox 206 1580 1497 1647; baseline 0.001 -13"><span class='ocrx_word' id='word_1_109' title='bbox 206 1580 354 1635; x_wconf 62' lang='lat' dir='ltr'>test.&gt;v</span> <span class='ocrx_word' id='word_1_110' title='bbox 390 1590 605 1634; x_wconf 84' lang='lat' dir='ltr'>Manicae</span> <span class='ocrx_word' id='word_1_111' title='bbox 647 1590 835 1633; x_wconf 85' lang='lat' dir='ltr'>tunicae</span> <span class='ocrx_word' id='word_1_112' title='bbox 883 1589 1063 1647; x_wconf 82' lang='lat' dir='ltr'>amplae</span> <span class='ocrx_word' id='word_1_113' title='bbox 1110 1596 1244 1645; x_wconf 86' lang='lat' dir='ltr'>sunt,</span> <span class='ocrx_word' id='word_1_114' title='bbox 1292 1593 1380 1635; x_wconf 89' lang='lat' dir='ltr'>sub</span> <span class='ocrx_word' id='word_1_115' title='bbox 1424 1591 1497 1635; x_wconf 83' lang='lat' dir='ltr'>his</span> 
     </span>
     <span class='ocr_line' id='line_1_20' title="bbox 210 1670 1498 1731; baseline 0 -15"><span class='ocrx_word' id='word_1_116' title='bbox 210 1679 364 1716; x_wconf 89' lang='lat' dir='ltr'>autem</span> <span class='ocrx_word' id='word_1_117' title='bbox 410 1679 460 1715; x_wconf 83' lang='lat' dir='ltr'>ut</span> <span class='ocrx_word' id='word_1_118' title='bbox 502 1671 547 1715; x_wconf 90' lang='lat' dir='ltr'>in</span> <span class='ocrx_word' id='word_1_119' title='bbox 593 1671 740 1730; x_wconf 82' lang='lat' dir='ltr'>figura</span> <span class='ocrx_word' id='word_1_120' title='bbox 777 1671 895 1715; x_wconf 80' lang='lat' dir='ltr'>Tab.</span> <span class='ocrx_word' id='word_1_121' title='bbox 930 1670 953 1713; x_wconf 93' lang='lat' dir='ltr'>l</span> <span class='ocrx_word' id='word_1_122' title='bbox 988 1670 1315 1715; x_wconf 79' lang='lat' dir='ltr'>vestimentum</span> <span class='ocrx_word' id='word_1_123' title='bbox 1351 1687 1498 1731; x_wconf 85' lang='lat' dir='ltr'>usque</span> 
     </span>
     <span class='ocr_line' id='line_1_21' title="bbox 209 1753 1500 1813; baseline 0 -15"><span class='ocrx_word' id='word_1_124' title='bbox 209 1755 267 1799; x_wconf 84' lang='lat' dir='ltr'>ad</span> <span class='ocrx_word' id='word_1_125' title='bbox 313 1768 495 1798; x_wconf 84' lang='lat' dir='ltr'>manum</span> <span class='ocrx_word' id='word_1_126' title='bbox 548 1754 823 1812; x_wconf 83' lang='lat' dir='ltr'>pertinens,</span> <span class='ocrx_word' id='word_1_127' title='bbox 872 1753 1113 1797; x_wconf 73' lang='lat' dir='ltr'>brachium</span> <span class='ocrx_word' id='word_1_128' title='bbox 1156 1760 1284 1798; x_wconf 89' lang='lat' dir='ltr'>arcte</span> <span class='ocrx_word' id='word_1_129' title='bbox 1328 1755 1500 1813; x_wconf 86' lang='lat' dir='ltr'>ample·</span> 
     </span>
     <span class='ocr_line' id='line_1_22' title="bbox 209 1832 1153 1895; baseline -0.001 -15"><span class='ocrx_word' id='word_1_130' title='bbox 209 1832 342 1880; x_wconf 58' lang='lat' dir='ltr'>ct&#39;ens</span> <span class='ocrx_word' id='word_1_131' title='bbox 376 1841 423 1879; x_wconf 87' lang='lat' dir='ltr'>et</span> <span class='ocrx_word' id='word_1_132' title='bbox 457 1841 652 1894; x_wconf 83' lang='lat' dir='ltr'>anguste</span> <span class='ocrx_word' id='word_1_133' title='bbox 685 1834 907 1895; x_wconf 87' lang='lat' dir='ltr'>plicatum</span> <span class='ocrx_word' id='word_1_134' title='bbox 943 1844 1153 1895; x_wconf 86' lang='lat' dir='ltr'>apparet.</span> 
     </span>
    </p>

    <p class='ocr_par' dir='ltr' id='par_1_4' title="bbox 153 1917 1516 2620">
     <span class='ocr_line' id='line_1_23' title="bbox 335 1917 1502 1976; baseline 0 -15"><span class='ocrx_word' id='word_1_135' title='bbox 335 1917 532 1961; x_wconf 86' lang='lat' dir='ltr'>Colores</span> <span class='ocrx_word' id='word_1_136' title='bbox 565 1917 614 1961; x_wconf 89' lang='lat' dir='ltr'>hi</span> <span class='ocrx_word' id='word_1_137' title='bbox 646 1924 771 1961; x_wconf 87' lang='lat' dir='ltr'>sunt.</span> <span class='ocrx_word' id='word_1_138' title='bbox 835 1917 1017 1976; x_wconf 80' lang='lat' dir='ltr'>Capitis</span> <span class='ocrx_word' id='word_1_139' title='bbox 1052 1924 1370 1976; x_wconf 86' lang='lat' dir='ltr'>tegumentum</span> <span class='ocrx_word' id='word_1_140' title='bbox 1402 1934 1502 1962; x_wconf 89' lang='lat' dir='ltr'>cro-</span> 
     </span>
     <span class='ocr_line' id='line_1_24' title="bbox 212 1993 1503 2057; baseline 0.001 -15"><span class='ocrx_word' id='word_1_141' title='bbox 212 1998 286 2043; x_wconf 89' lang='lat' dir='ltr'>cei</span> <span class='ocrx_word' id='word_1_142' title='bbox 323 1994 611 2054; x_wconf 79' lang='lat' dir='ltr'>rubicundi,</span> <span class='ocrx_word' id='word_1_143' title='bbox 668 1997 818 2042; x_wconf 88' lang='lat' dir='ltr'>ceteri</span> <span class='ocrx_word' id='word_1_144' title='bbox 862 1997 1030 2057; x_wconf 87' lang='lat' dir='ltr'>capitis</span> <span class='ocrx_word' id='word_1_145' title='bbox 1074 2005 1256 2057; x_wconf 79' lang='lat' dir='ltr'>partes,</span> <span class='ocrx_word' id='word_1_146' title='bbox 1315 1993 1503 2054; x_wconf 89' lang='lat' dir='ltr'>collum,</span> 
     </span>
     <span class='ocr_line' id='line_1_25' title="bbox 214 2079 1508 2140; baseline 0.002 -17"><span class='ocrx_word' id='word_1_147' title='bbox 214 2094 376 2137; x_wconf 84' lang='lat' dir='ltr'>manus</span> <span class='ocrx_word' id='word_1_148' title='bbox 422 2095 525 2123; x_wconf 88' lang='lat' dir='ltr'>cum</span> <span class='ocrx_word' id='word_1_149' title='bbox 571 2080 781 2139; x_wconf 84' lang='lat' dir='ltr'>angustis</span> <span class='ocrx_word' id='word_1_150' title='bbox 816 2079 1009 2124; x_wconf 87' lang='lat' dir='ltr'>manicis</span> <span class='ocrx_word' id='word_1_151' title='bbox 1045 2080 1199 2124; x_wconf 88' lang='lat' dir='ltr'>russei</span> <span class='ocrx_word' id='word_1_152' title='bbox 1238 2107 1290 2111; x_wconf 96' lang='lat'><strong>—</strong></span> <span class='ocrx_word' id='word_1_153' title='bbox 1329 2090 1376 2125; x_wconf 89' lang='lat' dir='ltr'>ct</span> <span class='ocrx_word' id='word_1_154' title='bbox 1409 2082 1508 2140; x_wconf 88' lang='lat' dir='ltr'>qui·</span> 
     </span>
     <span class='ocr_line' id='line_1_26' title="bbox 213 2142 1509 2218; baseline 0.002 -13"><span class='ocrx_word' id='word_1_155' title='bbox 213 2161 319 2205; x_wconf 90' lang='lat' dir='ltr'>dem</span> <span class='ocrx_word' id='word_1_156' title='bbox 346 2160 504 2218; x_wconf 85' lang='lat' dir='ltr'>paullo</span> <span class='ocrx_word' id='word_1_157' title='bbox 531 2142 742 2204; x_wconf 86' lang='lat' dir='ltr'>subfusci</span> <span class='ocrx_word' id='word_1_158' title='bbox 762 2186 822 2192; x_wconf 92' lang='lat'><strong>—</strong></span> <span class='ocrx_word' id='word_1_159' title='bbox 846 2159 1020 2204; x_wconf 89' lang='lat' dir='ltr'>coloris</span> <span class='ocrx_word' id='word_1_160' title='bbox 1044 2167 1169 2204; x_wconf 82' lang='lat' dir='ltr'>sunt.</span> <span class='ocrx_word' id='word_1_161' title='bbox 1236 2161 1290 2206; x_wconf 93' lang='lat' dir='ltr'>In</span> <span class='ocrx_word' id='word_1_162' title='bbox 1319 2164 1509 2207; x_wconf 88' lang='lat' dir='ltr'>barbam</span> 
     </span>
     <span class='ocr_line' id='line_1_27' title="bbox 215 2241 1509 2303; baseline 0.002 -18"><span class='ocrx_word' id='word_1_163' title='bbox 215 2249 263 2285; x_wconf 89' lang='lat' dir='ltr'>et</span> <span class='ocrx_word' id='word_1_164' title='bbox 306 2241 504 2299; x_wconf 81' lang='lat' dir='ltr'>capillos</span> <span class='ocrx_word' id='word_1_165' title='bbox 549 2248 599 2285; x_wconf 82' lang='lat' dir='ltr'>ut</span> <span class='ocrx_word' id='word_1_166' title='bbox 634 2242 682 2285; x_wconf 89' lang='lat' dir='ltr'>in</span> <span class='ocrx_word' id='word_1_167' title='bbox 718 2242 839 2286; x_wconf 85' lang='lat' dir='ltr'>Tab.</span> <span class='ocrx_word' id='word_1_168' title='bbox 877 2242 898 2286; x_wconf 92' lang='lat'><em>1</em></span> <span class='ocrx_word' id='word_1_169' title='bbox 942 2242 1230 2300; x_wconf 84' lang='lat' dir='ltr'>pigmentum</span> <span class='ocrx_word' id='word_1_170' title='bbox 1274 2245 1509 2303; x_wconf 84' lang='lat' dir='ltr'>nigricans</span> 
     </span>
     <span class='ocr_line' id='line_1_28' title="bbox 153 2322 1511 2378; baseline 0.001 -11"><span class='ocrx_word' id='word_1_171' title='bbox 153 2330 161 2336; x_wconf 76' lang='grc'><strong>’</strong></span> <span class='ocrx_word' id='word_1_172' title='bbox 214 2322 458 2367; x_wconf 90' lang='lat' dir='ltr'>inductum</span> <span class='ocrx_word' id='word_1_173' title='bbox 496 2328 583 2367; x_wconf 87' lang='lat' dir='ltr'>est.</span> <span class='ocrx_word' id='word_1_174' title='bbox 648 2324 852 2368; x_wconf 89' lang='lat' dir='ltr'>Pallium</span> <span class='ocrx_word' id='word_1_175' title='bbox 890 2325 1063 2368; x_wconf 89' lang='lat' dir='ltr'>coloris</span> <span class='ocrx_word' id='word_1_176' title='bbox 1088 2324 1314 2378; x_wconf 85' lang='lat' dir='ltr'>coccinei,</span> <span class='ocrx_word' id='word_1_177' title='bbox 1350 2325 1511 2369; x_wconf 87' lang='lat' dir='ltr'>tunica</span> 
     </span>
     <span class='ocr_line' id='line_1_29' title="bbox 216 2405 1515 2467; baseline 0.002 -18"><span class='ocrx_word' id='word_1_178' title='bbox 216 2405 351 2460; x_wconf 73' lang='lat' dir='ltr'>lutei,</span> <span class='ocrx_word' id='word_1_179' title='bbox 385 2405 479 2449; x_wconf 90' lang='lat' dir='ltr'>duo</span> <span class='ocrx_word' id='word_1_180' title='bbox 515 2405 702 2464; x_wconf 80' lang='lat' dir='ltr'>cingula</span> <span class='ocrx_word' id='word_1_181' title='bbox 737 2406 982 2467; x_wconf 87' lang='lat' dir='ltr'>purpurei,</span> <span class='ocrx_word' id='word_1_182' title='bbox 1017 2406 1107 2450; x_wconf 87' lang='lat' dir='ltr'>tria</span> <span class='ocrx_word' id='word_1_183' title='bbox 1133 2405 1247 2449; x_wconf 83' lang='lat' dir='ltr'>folia</span> <span class='ocrx_word' id='word_1_184' title='bbox 1274 2432 1325 2437; x_wconf 95' lang='lat'><strong>—</strong></span> <span class='ocrx_word' id='word_1_185' title='bbox 1363 2408 1419 2451; x_wconf 88' lang='lat' dir='ltr'>ab</span> <span class='ocrx_word' id='word_1_186' title='bbox 1445 2408 1515 2452; x_wconf 91' lang='lat' dir='ltr'>in-</span> 
     </span>
     <span class='ocr_line' id='line_1_30' title="bbox 216 2474 1513 2549; baseline 0.003 -20"><span class='ocrx_word' id='word_1_187' title='bbox 216 2486 330 2530; x_wconf 85' lang='lat' dir='ltr'>timo</span> <span class='ocrx_word' id='word_1_188' title='bbox 354 2485 552 2530; x_wconf 59' lang='lat' dir='ltr'>&#39;initium</span> <span class='ocrx_word' id='word_1_189' title='bbox 576 2487 784 2545; x_wconf 89' lang='lat' dir='ltr'>capimus</span> <span class='ocrx_word' id='word_1_190' title='bbox 811 2513 868 2519; x_wconf 81' lang='lat'>-</span> <span class='ocrx_word' id='word_1_191' title='bbox 902 2487 1101 2546; x_wconf 86' lang='lat' dir='ltr'>primum</span> <span class='ocrx_word' id='word_1_192' title='bbox 1130 2486 1313 2542; x_wconf 88' lang='lat' dir='ltr'>viridis,</span> <span class='ocrx_word' id='word_1_193' title='bbox 1346 2474 1513 2549; x_wconf 75' lang='lat' dir='ltr'>secun-</span> 
     </span>
     <span class='ocr_line' id='line_1_31' title="bbox 217 2566 1516 2620; baseline 0.001 -9"><span class='ocrx_word' id='word_1_194' title='bbox 217 2566 325 2611; x_wconf 88' lang='lat' dir='ltr'>dum</span> <span class='ocrx_word' id='word_1_195' title='bbox 350 2567 484 2620; x_wconf 85' lang='lat' dir='ltr'>lutei,</span> <span class='ocrx_word' id='word_1_196' title='bbox 519 2567 710 2610; x_wconf 87' lang='lat' dir='ltr'>tertium</span> <span class='ocrx_word' id='word_1_197' title='bbox 740 2568 1087 2618; x_wconf 82' lang='lat' dir='ltr'>miniato-rubri</span> <span class='ocrx_word' id='word_1_198' title='bbox 1110 2567 1287 2611; x_wconf 88' lang='lat' dir='ltr'>coloris</span> <span class='ocrx_word' id='word_1_199' title='bbox 1308 2577 1432 2613; x_wconf 84' lang='lat' dir='ltr'>suut.</span> <span class='ocrx_word' id='word_1_200' title='bbox 1455 2594 1516 2602; x_wconf 88' lang='lat'>-—</span> 
     </span>
    </p>

    <p class='ocr_par' dir='ltr' id='par_1_5' title="bbox 1163 2654 1197 2693">
     <span class='ocr_line' id='line_1_32' title="bbox 1163 2654 1197 2693; baseline 0 0"><span class='ocrx_word' id='word_1_201' title='bbox 1163 2654 1197 2693; x_wconf 81' lang='lat' dir='ltr'>B</span> 
     </span>
    </p>
   </div>
   <div class='ocr_carea' id='block_1_4' title="bbox 1635 2744 1740 2837">
    <p class='ocr_par' dir='ltr' id='par_1_6' title="bbox 1635 2744 1740 2837">
     <span class='ocr_line' id='line_1_33' title="bbox 1635 2744 1740 2837; baseline 0 0"><span class='ocrx_word' id='word_1_202' title='bbox 1635 2744 1740 2837; x_wconf 48' lang='grc' dir='ltr'>ά</span> 
     </span>
    </p>
   </div>
  </div>
 </body>
</html>
