1740 2837
656 121 717 127 -
839 95 900 145 42
1029 123 1080 135 ,-

224 212 449 268 sissimss,
480 211 769 257 liberalitate
803 209 1017 271 ejusdem
1043 212 1103 258 ad
1131 211 1354 271 templum
1378 224 1511 257 exor-

219 295 423 341 nandum
454 294 653 341 donatas
686 303 808 340 esse.

476 447 531 507 8)
595 446 905 508 Definitio
938 449 1246 508 temporis.

333 541 592 596 Omnibus,
634 556 754 600 quae
788 542 863 587 his
897 542 1102 601 picturisv
1133 541 1298 586 vitreis
1331 542 1504 586 effer-re

210 630 506 684 poteramus,
541 623 839 684 comparetis,
873 640 933 670 ex
968 623 1291 670 exstructione
1324 624 1505 684 tempii,

210 722 329 767 quae
363 708 420 751 ab
456 707 642 766 origine
674 708 914 766 romanica
948 714 996 751 et
1027 707 1206 751 saeculi
1236 706 1307 750 XI
1329 717 1505 751 exeun·

210 789 272 834 tis
307 794 403 844 est,
450 804 476 833 e
512 787 856 848 compositione
892 795 939 833 et
973 787 1285 834 relationibus
1319 789 1503 848 symbo-

210 871 317 917 licis
352 871 859 931 harum³picturarum,
895 887 920 916 e
954 870 1188 915 technicis
1217 877 1266 914 et
1290 870 1500 930 antiqua-

209 954 298 999 riis
326 954 511 1013 {earum
556 954 967 1014 'proprietatibu8‚
1008 954 1242 1012 [rationes
1305 953 1501 999 idoneus

209 1036 588 1096 repetimusss-[ex
624 1037 794 1096 quibus
828 1036 1048 1085 concludi
1084 1036 1258 1095 possit,
1292 1034 1375 1079 has
1409 1034 1500 1080 uni·

208 1118 293 1161 bas
335 1118 544 1177 picturas
587 1119 766 1163 saeculi
802 1118 922 1173 XII,
966 1131 1057 1162 non
1091 1126 1245 1162 tamen
1280 1118 1500 1163 exeuntis

208 1215 329 1245 esse.
364 1227 422 1233 —

536 1356 589 1414 9)
652 1355 854 1400 Locus
887 1357 1167 1415 originis.

326 1448 492 1508 Neque
536 1449 596 1494 de
634 1450 746 1494 ‘loco
789 1448 988 1509 originis
1032 1449 1149 1493 certi
1186 1448 1297 1507 quid
1334 1448 1494 1495 afferri

200 1539 374 1592 potest.
439 1533 570 1576 Nihil
613 1541 687 1577 est
728 1546 923 1586 causae,
970 1547 1054 1576 cur
1098 1532 1326 1590 originem
1363 1540 1497 1577 extra

199 1621 355 1661 terras
392 1614 630 1661 Saxoniae
664 1614 929 1675 superioris
963 1614 1257 1675 quaeramus.
1322 1615 1374 1660 Si
1398 1610 1496 1661 ver*

200 1699 399 1744 miculae
448 1697 538 1742 arti
573 1695 656 1742 ha³s
689 1697 901 1757 picturas
939 1698 1213 1742 adscribere
1248 1694 1496 1752 vellemus,

199 1782 464 1841 proximum
535 1780 833 1841 cogitandum
891 1789 1020 1825 esset
1077 1780 1135 1825 de
1191 1780 1495 1840 Nuenbfflgo‚

200 1863 336 1919 Ciza,
372 1862 526 1907 Misna
553 1861 609 1908 ‘et
641 1859 869 1917 Erfurto,
903 1863 1074 1921 quibus
1109 1863 1225 1907 loeis
1261 1863 1353 1906 vita
1387 1867 1495 1906 coe·

200 1946 403 1991 nobiaiis
451 1954 563 1990 tunc
610 1946 837 2006 temporis
876 1944 972 2004 jam
1006 1946 1220 1990 florebat.
1286 1945 1496 1990 Sed-ad-

199 2029 291 2073 huc
343 2029 500 2073 nullae
547 2043 709 2074 eorum
747 2028 986 2088 picturae,
1028 2042 1147 2088 quac
1182 2038 1295 2073 cum·
1320 2024 1496 2074 nostris

201 2109 414 2170 ejusdem
461 2112 631 2156 aetatis
674 2119 859 2167 essent,
904 2112 950 2155 in
998 2111 1209 2156 notitiam
1245 2118 1494 2158 ve‘neruntz

322 2196 639 2241 Recentiores
672 2194 780 2239 vitri
817 2195 1049 2254 picturae,
1082 2200 1286 2239 aetatem
1326 2193 1495 2239 trunci-

197 2287 275 2326 tus
332 2295 356 2324 a
411 2280 597 2324 ratione
652 2277 821 2322 artium
877 2277 1112 2321 romanica
1156 2277 1213 2320 ad
1259 2276 1493 2335 gothicam

197 2363 546 2423 significantes,
604 2362 651 2406 in
708 2361 854 2405 choro
917 2360 1209 2427 occidentali
1258 2358 1491 2427 ecclesiae

198 2446 486 2491 cathedralis
532 2444 925 2503 Nuenburgcnsis
953 2431 1291 2503 ⁴reperiuntur,
1335 2447 1491 2498 tamen

196 2545 290 2579 non
324 2530 519 2591 propior
550 2543 653 2572 cum
692 2527 866 2571 nostris
890 2526 1148 2571 intercedit
1169 2523 1489 2591 necessitudo.

1710 2439 1712 2471 Ι

1709 2496 1713 2571 i

1708 2577 1713 2663 ἒ
